4508 6434
745 415 975 486 ronnumnos
994 428 1065 486 rus.
1086 427 1135 487 tv.
1155 428 1191 488 v.
1214 428 1286 496 (ιν).

675 617 820 685 direxere
843 620 941 686 acies.
988 622 1100 689 dextro
1122 623 1207 706 regit
1227 622 1358 706 agmina
1380 643 1477 688 corun

588 718 742 802 Gentius,
769 723 881 789 electis
904 723 1106 792 circumdans
1130 725 1224 808 signa
1246 725 1411 810 maniplis.

589 823 658 909 ipse
682 825 837 908 magister
858 847 975 910 ovans,
1002 829 1130 895 rutilato
1152 829 1275 895 vertice·
1295 828 1440 912 fulgens,

478 947 491 985 a
588 927 690 993 fertur
711 949 812 1013 equo,
839 931 1008 1015 cristisque
1029 931 1147 998 decens
1170 953 1310 1016 auroque
1333 952 1483 998 coruscus

589 1051 646 1115 per
668 1033 792 1098 medias
815 1034 953 1100 volitans
977 1035 1143 1101 succendit
1162 1036 1286 1120 proelia
1308 1043 1446 1118 turmas,

589 1136 812 1221 componitque
835 1138 921 1204 acies
943 1139 1043 1222 digna
1065 1138 1258 1206 fortissimus
1279 1148 1360 1204 arte.

674 1240 899 1334 magnanimus
922 1242 1013 1308 iuxta
1034 1241 1185 1308 iuvenum
1208 1242 1410 1308 Putrintulus
1432 1243 1546 1326 ingens

588 1362 678 1408 arma
699 1351 822 1424 movet,
849 1344 1031 1428 densasque
1052 1346 1151 1411 trahit
1172 1353 1244 1430 post
1266 1346 1359 1429 signa
1382 1346 1537 1412 cobortes.

460 1487 464 1500 «
588 1447 725 1531 belliger
746 1448 816 1531 ipse
840 1448 1069 1534 supereristata
1091 1449 1217 1516 casside
1240 1451 1346 1516 celsus

588 1551 748 1635 loricaque
770 1551 893 1617 micans
915 1559 948 1617 et
970 1552 1068 1636 longa
1090 1553 1252 1638 pulchrior
1274 1553 1370 1619 basta

586 1654 707 1720 arduus
729 1655 797 1722 ibat
818 1675 916 1738 equo,
945 1657 1110 1741 sociosque
1133 1677 1175 1722 ex
1198 1677 1284 1722 more
1306 1657 1456 1723 monebat

587 1777 664 1823 voce
688 1778 778 1840 snos,
806 1779 961 1845 superans
984 1761 1131 1844 quoniam
1156 1761 1315 1846 sapientia
1337 1760 1412 1827 forti

587 1868 714 1946 pectore
737 1883 863 1947 semper
885 1871 963 1930 erat.
1011 1864 1105 1947 felix,
1133 1865 1160 1929 si
1184 1864 1252 1930 fata
1274 1864 1442 1931 dedissent

464 1981 489 2020 'o
586 1965 759 2049 longaevos
781 1967 815 2032 in
838 1967 908 2033 luce
931 1966 1019 2050 dies,
1046 1974 1189 2034 maturus
1213 1969 1324 2034 utillo

586 2088 667 2135 cana
689 2076 795 2136 aetate
818 2070 911 2136 foret.
957 2078 1109 2154 quantum
1134 2073 1287 2138 maturior
1308 2057 1409 2138 esset'!

672 2173 784 2239 tertius
806 2174 862 2239 ille
885 2174 994 2240 furens
1017 2182 1109 2259 rapta
1132 2175 1306 2258 Gregorius
1328 2176 1422 2241 hasta

586 2281 682 2359 atque
705 2278 769 2342 leri
792 2277 896 2362 clipeo
918 2286 950 2343 et
973 2279 1037 2344 telo
1060 2278 1207 2360 fulgebat
1229 2279 1342 2344 Iberis.

673 2381 827 2448 Geisirith
850 2382 934 2447 hune
955 2382 1046 2447 iuxta
1068 2402 1216 2448 numeros
1240 2390 1272 2448 et
1293 2383 1388 2466 signa
1409 2383 1576 2460 movebat,

585 2490 659 2549 ante
681 2485 790 2551 tubam
813 2485 946 2570 cupiens
969 2485 1124 2551 adversas
1148 2507 1295 2571 rumpere
1319 2486 1439 2568 fossas⁷

585 2588 731 2654 conscius
753 2588 824 2673 ipse
846 2589 906 2655 sui.
955 2589 1077 2655 cunctis
1100 2589 1298 2673 fulgentibus
1320 2590 1419 2655 armis

585 2691 686 2757 ardua
707 2692 774 2758 tela
796 2692 890 2774 gerit.
937 2692 1054 2759 ferrato
1077 2713 1208 2778 corpore
1230 2700 1296 2759 toto

584 2795 653 2879 ipse
676 2796 766 2861 nitet.
814 2815 964 2878 squamas
986 2796 1121 2862 maculis
1144 2788 1313 2880 distinguit
1333 2796 1367 2861 in
1390 2817 1479 2862 auro.

505 2955 506 2962 ,
584 2918 683 2964 aurea
705 2898 807 2964 cassis
829 2899 913 2964 inest
936 2899 1099 2966 commisto
1121 2898 1270 2965 flammea
1292 2899 1388 2965 ferro.

457 3019 487 3057 -o
583 3001 659 3067 inde
682 3003 806 3087 apicem
829 3003 1006 3087 cristasque
1028 3003 1106 3069 iuba
1129 3003 1288 3089 componit
1310 3004 1444 3086 equina,

584 3107 714 3189 cingula
734 3105 932 3190 gemmiferis
955 3106 1082 3191 stringit
1104 3106 1263 3191 fulgentia
1285 3106 1395 3172 bullis.

582 3210 702 3294 vagina
723 3209 852 3293 gladius
879 3210 964 3275 latus
987 3197 1157 3277 exornarat
1179 3211 1312 3276 eburna.

580 3319 656 3378 tune
678 3313 761 3378 suris
783 3333 911 3392 ocreas,
938 3314 1038 3379 multo
1060 3333 1140 3398 quas
1164 3313 1310 3379 vinxerat
1331 3333 1409 3378 auro

581 3416 730 3482 Parthica
751 3417 863 3503 pellis,
891 3416 987 3484 habet
1008 3417 1165 3500 rubroque
1187 3417 1324 3483 includit
1345 3417 1378 3481 in
1401 3424 1485 3483 ostro

582 3519 761 3605 depingens
784 3521 919 3604 gemmis
942 3527 975 3586 et
996 3520 1098 3586 multa
1120 3520 1259 3586 callidus
1281 3527 1361 3587 arte.

581 3623 687 3688 omnia
710 3624 804 3708 signa
827 3624 957 3710 placent
978 3623 1153 3706 meliorque
1177 3631 1209 3690 et
1231 3624 1373 3689 maxima
1387 3622 1504 3719 pimus.

666 3727 742 3793 inde
764 3748 822 3812 per
844 3737 994 3794 extensos
1017 3747 1209 3812 componens
1231 3727 1363 3810 agmina
1386 3746 1534 3811 campos„

581 3830 724 3896 consiliis
746 3831 859 3896 melior
881 3830 971 3897 fortis
993 3831 1165 3934 Marturius
1187 3830 1272 3914 ibat,

579 3941 675 4017 atque
698 3933 868 4000 tribunicia
890 3934 994 4000 socios
1017 3934 1133 4018 virtute
1155 3934 1300 4018 regebat.

471 4061 483 4098 n
580 4038 825 4122 Marcianusque
848 4044 962 4122 potens
985 4038 1102 4104 densos
1124 4037 1283 4122 perfertur
1304 4038 1337 4102 in
1361 4038 1485 4118 hostes,

579 4142 731 4226 misturus
753 4142 880 4226 proprio
901 4141 1035 4207 Barcaei
1059 4141 1226 4224 sanguinis
1248 4161 1386 4206 amnem.

579 4265 638 4311 nee
660 4267 723 4311 non
745 4245 897 4331 egregius
920 4246 1008 4311 clara
1030 4245 1071 4310 de
1094 4245 1193 4329 stirpe
1216 4245 1353 4310 Senator

579 4347 679 4414 fertur
701 4368 799 4432 equo,
826 4348 1023 4433 comptisque
1045 4346 1127 4413 nitet
1148 4346 1273 4413 felicior
1295 4347 1403 4413 armis.

663 4453 723 4518 hos
746 4453 889 4536 sequitur
912 4452 1011 4534 lidus,
1038 4451 1139 4517 densa
1161 4451 1301 4535 stipante
1323 4459 1468 4534 caterva,

577 4556 700 4622 Casina
721 4556 874 4641 Massylis
896 4555 1060 4622 deducens
1081 4554 1211 4638 agmina
1233 4554 1346 4638 signis.

575 4659 633 4726 ille
655 4660 761 4726 animo
783 4661 946 4725 Romanus
969 4665 1054 4741 erat,
1081 4678 1139 4724 nec
1163 4657 1319 4741 sanguine
1342 4658 1454 4742 longe,

576 4763 718 4829 moribus
741 4770 869 4830 ornatus
891 4763 1047 4848 placidis,
1073 4761 1232 4846 gravitate
1256 4761 1381 4828 Latina.

575 4886 639 4931 non
660 4866 751 4932 illum
774 4867 987 4951 aequiperans
1008 4865 1123 4931 iaculis
1144 4871 1201 4932 ant
1221 4865 1343 4931 viribus
1366 4873 1452 4932 esset

575 4970 626 5036 vel
650 4970 768 5036 Veneri
790 4969 927 5036 dilectus
950 4968 1043 5034 Adon
1065 4969 1117 5034 vel
1141 4968 1232 5034 fortis
1255 4969 1410 5036 Achilles.

660 5081 694 5138 at
716 5080 806 5159 parte
829 5093 869 5139 ex
892 5073 974 5154 alia,
1000 5092 1096 5138 cornu
1119 5073 1263 5156 fulgente
1286 5071 1431 5152 sinistro,

573 5177 700 5243 nomine
725 5176 865 5243 ductoris
887 5177 997 5242 ductor
1019 5176 1080 5241 fuit
1102 5175 1157 5240 ille
1181 5176 1342 5241 lohannes

573 5280 637 5346 iam
660 5281 765 5347 senior
786 5280 981 5364 grandisque
1004 5279 1107 5344 annis.
1155 5279 1206 5344 cui
1230 5279 1329 5345 cruda
1351 5287 1499 5346 senectus

573 5393 606 5452 et
627 5385 728 5450 virtus
750 5384 900 5450 iuvenilis
922 5390 1008 5464 erat,
1034 5404 1098 5467 qua
1120 5384 1279 5448 maximus
1301 5383 1410 5449 hostes

254 5597 303 5647 trs
323 5599 419 5656 gemino
442 5597 462 5644 T
573 5597 771 5657 dicturusque
793 5594 813 5640 T
925 5593 975 5643 478
994 5595 1060 5641 iusta
1082 5592 1103 5640 T
1214 5595 1381 5656 petrunculus
1403 5594 1422 5640 T
1533 5593 1584 5643 488
1602 5601 1628 5644 ct
1646 5596 1695 5644 telo
1712 5600 1806 5662 scripsi,

184 5685 234 5734 telo
256 5685 277 5732 T
378 5685 448 5732 lbero
468 5681 543 5733 Mate.
649 5680 700 5730 489
719 5680 833 5742 gelslrltb
854 5682 889 5742 (ln
900 5683 1010 5741 marptae
1026 5680 1152 5741 gerslrith]
1177 5679 1197 5726 T
1299 5682 1365 5728 insta
1386 5680 1406 5726 T
1512 5679 1560 5728 505
1580 5673 1767 5745 urartlnnusque
1789 5685 1809 5732 T

183 5772 234 5821 olo
251 5772 339 5820 unsina
361 5772 395 5829 lin
412 5773 522 5830 margine
540 5769 627 5827 cosma)
656 5769 676 5814 T
779 5767 829 5816 518
847 5766 930 5816 hostes
952 5767 980 5826 T,
1001 5766 1081 5815 bostis
1099 5768 1155 5828 leqit
1175 5765 1250 5814 liuza.

259 5873 379 5911 t'oarrrru.
