4546 6420
909 403 1138 460 PROOEMIVM.
1717 407 1845 472 XXVII

205 645 276 690 rum
310 645 350 690 ex
384 625 434 689 his
472 623 608 691 ducibus
641 626 817 709 Procopius
854 626 950 692 etiam
988 628 1181 694 mentionem
1218 627 1334 694 fecisse
1372 627 1515 710 videtur,
1557 629 1744 712 Marcentii,
1785 629 1842 714 qui

205 763 289 810 anno
313 748 375 810 546
405 744 535 810 ineunte
566 745 632 811 dux
662 746 794 829 Byzacii
824 745 1009 830 fuerat¹⁸⁵l,
1043 754 1076 812 et
1105 746 1271 831 Gregorii,
1304 747 1359 830 qui
1389 748 1587 815 Artabanum
1616 755 1765 834 patruum
1795 749 1840 815 ad

206 863 390 930 Guntaritlri
420 865 552 930 caedem
580 865 853 951 compuleram).
908 865 1000 931 Hunc
1032 866 1136 932 virum
1167 867 1207 933 de
1237 867 1428 950 imperatore
1454 868 1572 953 optime
1603 870 1750 935 meritum
1780 891 1842 936 nu-

206 1003 293 1049 mero
320 983 518 1068 praelectum
549 1004 621 1050 esse
650 1004 713 1049 non
741 989 791 1049 est
821 985 907 1067 quod
936 985 1097 1052 miremur.
1143 986 1258 1069 Neque
1288 986 1387 1051 alium
1413 987 1514 1053 ullum
1538 988 1747 1072 Gregorium,
1781 990 1840 1056 sed

204 1103 310 1187 ipsum
333 1103 425 1168 illum
443 1103 630 1170 Armenium
652 1104 907 1188 intellegendum
931 1124 1015 1188 esse,
1042 1127 1059 1172 e
1082 1106 1190 1171 serbis
1213 1107 1328 1186 elucet,
1355 1107 1471 1190 quibus
1494 1107 1565 1173 eius
1586 1109 1722 1192 patriam
1745 1118 1841 1194 poe'ta

205 1222 383 1288 indicavitz.

620 1343 732 1408 tertius
754 1342 811 1408 ille
835 1343 944 1408 furens
967 1352 1058 1428 rapta
1082 1344 1257 1429 Gregorius
1280 1347 1374 1411 hasta

620 1453 715 1528 atque
739 1446 803 1512 levi
826 1446 929 1530 clipeo
954 1455 986 1512 et
1007 1448 1071 1513 telo
1095 1448 1243 1532 fulgebat
1263 1449 1377 1513 Iberis,

205 1565 337 1630 Praeter
366 1564 464 1634 duces
494 1565 553 1630 hos
583 1585 714 1648 novem,
749 1584 882 1648 quorum
910 1573 986 1649 quot
1014 1567 1148 1650 quisque
1177 1568 1333 1633 militibus
1361 1568 1570 1652 imperaverit
1598 1569 1834 1656 nescimusffl),

204 1685 255 1750 vir
275 1683 414 1770 insignis
437 1705 519 1750 unus
542 1692 745 1767 memoratur,
772 1686 827 1767 qui
850 1686 1049 1769 magistrum,
1075 1687 1166 1752 cuius
1188 1707 1352 1770 nunquam
1374 1707 1438 1752 non
1466 1687 1575 1753 ‘lateri
1597 1688 1734 1770 haeret,
1761 1705 1854 1755 con-'

204 1805 278 1869 silio
300 1804 455 1870 adiuvare
478 1823 652 1886 omnesque
674 1805 801 1888 imperii
824 1805 953 1871 labores
976 1806 1118 1871 allevare
1142 1807 1240 1872 solet:
1267 1806 1532 1888 Recinarius138l.
1579 1807 1642 1886 Qui
1663 1809 1771 1874 nescio
1794 1830 1837 1874 an

204 1924 344 1990 eundem
366 1925 399 1990 in
421 1924 574 1990 Iohannis
596 1923 739 1990 exercitu
761 1925 865 1990 locum
889 1925 1037 2006 tenuerit
1064 1945 1160 2007 quem
1180 1925 1216 1990 in
1239 1925 1391 1991 Belisarii
1406 1925 1544 2008 Salano,
1570 1920 1602 2000 ὃς
1625 1924 1678 2010 τὴν
1702 1925 1836 1994 Beluae-

205 2045 271 2131 ρίου
294 2043 472 2130 ἐπετρόπευε
496 2044 675 2131 στρατηγίαν
687 2045 752 2126 ¹³⁹).
799 2044 841 2109 Vt
862 2044 896 2108 in
917 2045 1004 2110 bello
1026 2044 1188 2128 laborum,
1214 2045 1259 2110 ita
1282 2051 1354 2130 post
1374 2046 1538 2111 uictoriam
1562 2054 1757 2131 reportatam
1779 2049 1838 2115 bo-

203 2185 314 2229 norum
339 2164 523 2246 eorundem,
550 2164 666 2246 quibus
687 2164 863 2230 Iohannem
886 2165 1060 2249 imperator
1082 2164 1252 2247 amaverit,
1282 2165 1484 2230 Recinarium
1506 2167 1694 2252 participem
1716 2167 1837 2234 laetum

203 2303 278 2350 esse
301 2284 514 2369 comperimus
527 2286 591 2367 ¹⁴⁰).
630 2284 680 2350 De
703 2283 799 2350 rebus
821 2290 895 2350 ante
918 2284 1039 2350 bellum
1063 2284 1239 2349 Mauricum
1260 2284 1374 2350 initum
1398 2305 1417 2348 a
1440 2285 1609 2351 Recinario
1632 2287 1733 2370 gestis
1756 2288 1837 2354 nihil

205 2404 376 2470 memoriae
405 2404 567 2488 proditum
595 2410 645 2469 est
665 2403 729 2469 nisi
750 2404 836 2470 bello
859 2404 987 2469 Persico
1010 2424 1083 2468 eum
1106 2402 1291 2469 interfuisse
1314 2424 1461 2486 annoque
1485 2409 1546 2469 544
1571 2426 1642 2472 eum
1664 2406 1772 2474 Persis
1795 2408 1836 2476 de

203 2544 283 2608 paee
306 2524 526 2618 componenda
547 2524 653 2607 egisse
664 2525 728 2606 ¹⁴¹).

290 2644 442 2709 Exercitu
463 2645 606 2709 Romano
628 2663 728 2728 parvo
750 2643 932 2708 Maurorum
956 2661 990 2708 se
1014 2643 1124 2728 copias
1146 2643 1296 2726 ingentes
1318 2643 1474 2708 uicturum
1497 2643 1658 2710 Iohannes
1684 2646 1738 2710 vix
1761 2666 1837 2732 spe·

203 2763 356 2847 ravisset,
389 2764 419 2829 si
440 2763 544 2829 Mauri
575 2762 719 2828 universi
747 2763 831 2828 inter
859 2781 894 2827 sc
921 2760 1093 2828 concordes
1116 2769 1148 2826 et
1169 2761 1267 2826 fidam
1290 2761 1332 2827 ad
1355 2763 1539 2828 societatem
1561 2763 1662 2828 iuneti
1683 2765 1837 2832 Romanis

203 2883 325 2948 bellum
346 2883 542 2949 intulissent.
591 2882 656 2948 Sed
685 2882 719 2947 id
747 2882 950 2966 potissimum
972 2881 1145 2965 Byzantios
1167 2881 1314 2960 iuvabat,
1348 2882 1433 2964 quod
1455 2882 1566 2967 populi
1587 2883 1722 2950 Maurici
1744 2887 1836 2951 multi

202 3002 286 3068 inter
315 3021 350 3069 se
380 3003 519 3068 acriores
549 3022 646 3084 quam
670 3022 742 3068 cum
764 3001 844 3086 ipsis
867 3000 1052 3066 inimicitias
1075 3001 1268 3066 exercebant
1290 3021 1394 3085 neque
1418 3023 1557 3086 unquam
1580 3003 1762 3070 Maurorum
1784 3026 1837 3072 re-

203 3123 274 3207 guli
295 3122 438 3202 deerant,
468 3121 524 3204 qui
548 3121 707 3188 commodi
730 3120 898 3186 cuiusdam
921 3117 1097 3204 arripiendi
1119 3119 1171 3184 vel
1194 3119 1261 3186 irae
1284 3121 1452 3187 satiandae
1475 3140 1533 3207 spe
1555 3122 1655 3189 illecti
1677 3144 1748 3189 curu
1771 3126 1836 3191 Ro-

203 3242 307 3307 mauis
328 3242 583 3308 bellisocietate
605 3242 685 3307 inita
707 3240 859 3306 finitimos
882 3239 1137 3324 consanguineos
1160 3239 1338 3322 opprimere
1361 3260 1457 3323 quam
1481 3262 1552 3307 curn
1575 3243 1691 3308 ceteris
1713 3244 1835 3311 Mauris

94 3411 98 3418 .
203 3361 364 3426 Romanos
392 3381 580 3446 oppugnare
610 3361 753 3426 mallent.
802 3361 849 3424 Αο
878 3367 953 3425 tunc
981 3358 1111 3442 quidem
1141 3359 1277 3423 Autalas
1302 3358 1484 3426 Maurorum
1507 3360 1747 3446 Byzaccnorum
1777 3385 1835 3432 rex

203 3486 235 3545 et
259 3481 379 3548 Ousina
401 3482 514 3565 populi
536 3480 742 3570 Mastraciani
764 3500 863 3565 prope
886 3478 1058 3544 Aurasium
1088 3485 1228 3544 montem
1258 3477 1434 3545 habitantis
1456 3480 1605 3566 princeps
1628 3483 1836 3550 acerbissimo

201 3599 287 3665 inter
309 3619 344 3665 se
367 3599 616 3685 odiotflagrasse
639 3601 798 3666 videntur.
840 3600 905 3664 Res
927 3598 1012 3664 enim
1027 3596 1197 3663 Africanas
1218 3598 1295 3663 inde
1318 3599 1570 3666 aVandalorum
1593 3602 1684 3684 regui
1706 3603 1836 3669 interitu

292 3947 349 4010 135)
371 3948 438 3996 Proc.
460 3950 485 3996 b.
506 3947 586 3996 vind.
607 3945 759 3996 112l1nit.
784 3943 806 4006 (ὁ
822 3939 958 4004 Ἀντάλας)
979 3941 1055 4013 γνοὺς
1071 3959 1098 3993 τε
1117 3937 1286 4010 Μαραέντιον,
1313 3939 1340 3999 ὃς
1357 3948 1408 3994 τῶν
1427 3939 1454 3992 ἐν
1472 3937 1594 4013 Βυζαντίῳ
1618 3943 1769 4016 καταλόγων
1786 3945 1837 4017 ἠρ-

202 4049 258 4104 χεν,
278 4031 306 4089 ἐς
323 4031 400 4102 νῆσόν
417 4049 473 4084 τινα
489 4038 540 4082 τιῑιν
559 4028 639 4099 ταύτῃ
657 4027 825 4097 ἐπικειμένων
843 4031 1014 4097 καταφυγεῖν,
1041 4025 1145 4096 πέμψας
1164 4024 1226 4097 παρ’
1245 4026 1337 4090 αὐτὸν,
1363 4025 1462 4097 φράοας
1485 4043 1513 4078 τι
1536 4028 1579 4079 τὸν
1597 4029 1679 4082 πάντα
1697 4029 1835 4101 λόγονκαὶ

203 4117 234 4169 τὰ
253 4116 329 4169 πιαιά
347 4116 416 4180 δοὺς,
435 4117 478 4169 τὸν
495 4114 632 4187 ἄνθρωπον
651 4113 803 4185 ἐπηγάγετο.
835 4109 995 4181 Μαρτιὲντιος
1014 4112 1060 4180 μὲν
1080 4109 1153 4180 ἔμενε
1171 4109 1214 4171 ξὺν
1232 4111 1271 4180 τῷ
1288 4107 1400 4180 Ἀντάλρ
1417 4110 1444 4165 ἐν
1462 4112 1690 4184 τῷστρατοπέδῳ,
1711 4125 1835 4186 στρατιῶ-

202 4221 244 4255 ται
262 4201 300 4266 bt,
320 4202 375 4255 boor
393 4201 419 4255 ἀν
438 4199 558 4270 Βοζαιιίιρ
578 4198 709 4270 διατριβὴν
728 4197 810 4272 εἶχον,
832 4196 955 4257 εὐναϊιιιῑις
974 4195 1075 4268 βασιλεῖ
1093 4197 1206 4270 ἔχοντες,
1226 4193 1387 4268 Ἀδραμητὸν
1405 4197 1480 4250 πόλιν
1499 4196 1650 4269 ἐφύλασσον.

291 4306 348 4370 136)
370 4307 440 4358 Proc.
465 4308 491 4356 b.
512 4306 594 4355 Vund.
615 4303 689 4353 1127
715 4299 800 4370 λάθρα
824 4301 852 4354 δὲ
880 4300 902 4364 [ὁ
924 4298 1092 4371 Ἀρταβάνης)
1120 4298 1219 4352 ἀνελεῖν
1243 4299 1287 4353 τὸν
1311 4295 1331 4352 Γ
1332 4296 1436 4371 όνάαριν
1460 4299 1626 4369 ἐβουλεύετο,
1651 4299 1671 4356 Γ
1672 4303 1783 4376 ρηγορίιρ
1807 4323 1834 4358 τε
1909 4369 1910 4372 ¹

201 4392 239 4463 τῷ
262 4389 359 4462 ἀνεψιῷ
380 4390 423 4442 καὶ
440 4387 578 4460 Ἀρταοίριρ
602 4388 638 4458 τῷ
663 4387 797 4460 δορυφόροι
821 4386 1067 4458 κοινολογησάμενος
1090 4387 1120 4440 τὸ
1145 4384 1276 4454 βούλευμα
1299 4389 1384 4438 τοῦτο.
1422 4382 1562 4457 spa-pipin<
1585 4387 1613 4440 δὲ
1637 4388 1712 4442 αὐτὸν
1737 4389 1764 4449 ἀς
1785 4391 1833 4461 τὴν

202 4477 291 4546 πρᾶξιν
310 4475 407 4547 ἀνάγων
426 4475 496 4538 ἔλεξε
514 4467 789 4542 τοιάδε’“Ἀρταβάντρ,
809 4477 853 4525 νῦν
873 4489 913 4525 σοι
931 4472 1034 4542 πάρεστι
1052 4470 1122 4541 μόνῳ
1140 4471 1169 4523 τὸ
1187 4467 1337 4538 Βελιοαρὶου
1356 4466 1532 4538 ἀναδήσασθαι
1548 4471 1639 4530 αλέος’
1655 4491 1677 4524 e.
1699 4492 1723 4540 q.
1745 4493 1765 4528 ε.

291 4580 349 4642 137]
370 4579 483 4642 Procopll
507 4579 623 4629 blstorins
647 4583 818 4640 perscrutatus
842 4578 947 4626 duelbuc
971 4578 1078 4638 singulis
1102 4575 1173 4624 morlo
1198 4576 1318 4623 mlnorem
1344 4576 1415 4624 modo
1435 4578 1552 4625 malorem
1570 4579 1681 4627 militnm
1699 4565 1832 4630 numerum

202 4668 316 4728 patulus
334 4679 407 4714 namo
426 4679 476 4714 non
494 4665 635 4724 intellegat.
1744 4677 1746 4680 ·

293 4767 350 4828 138}
371 4767 426 4818 Gor.
448 4767 500 4815 lob.
521 4767 545 4814 ll
564 4763 709 4816 ala-319.
730 4766 766 4814 lV
786 4763 930 4815 sss-59⁴.
951 4765 1000 4812 Vll
1019 4761 1129 4812 23-35.

293 4870 349 4933 139)
370 4872 440 4920 Proc.
460 4871 485 4919 b.
507 4869 586 4918 Vand.
607 4870 632 4917 ll
652 4866 692 4916 ll.

293 4973 349 5035 llo]
371 4973 426 5024 Cor.
446 4972 499 5024 lolr.
520 4973 545 5020 ll
563 4970 613 5022 315
631 4972 701 5020 hune
717 4970 794 5018 babet
811 4971 838 5018 ln
857 4970 939 5019 swvls
957 4968 1035 5017 lldnm
1052 4968 1199 5030 scotumque
1216 4966 1317 5029 periclis

631 5063 658 5105 ct
675 5057 770 5104 virtute
787 5057 869 5104 virum
887 5061 914 5104 et
932 5055 1040 5104 discreta
1057 5059 1142 5102 menta
1160 5055 1286 5102 levamen.

603 5173 605 5176 -
629 5143 704 5192 lllnm
723 5143 801 5191 etlam
819 5142 926 5191 summis
944 5141 1010 5189 vtato
1028 5139 1138 5196 Mavorte
1155 5138 1292 5200 trlumpbls

630 5234 669 5276 tot
685 5229 775 5276 nlmlos
792 5227 886 5288 gaudet
903 5239 990 5275 seeum
1008 5226 1128 5274 tolerasse
1147 5225 1242 5273 labores

630 5313 718 5362 Merula
736 5317 762 5360 et
779 5313 809 5360 sd
828 5325 952 5360 summum
968 5312 1063 5373 pariter
1082 5311 1182 5361 venisse
1200 5323 1324 5360 corcucm.

292 5417 350 5480 141)
372 5419 440 5467 Proe.
463 5420 486 5468 b.
508 5417 577 5465 Pers.
597 5417 622 5464 11
641 5414 672 5464 27
698 5411 843 5483 ἀπήγγελλε
860 5405 1017 5481 Ῥεκινάριον
1036 5411 1077 5464 ἐπὶ
1094 5430 1126 5483 ηρ
1145 5410 1235 5484 εἰρήνῃ
1254 5409 1284 5463 ἀοι
1303 5406 1442 5470 Βυζαντίου
1461 5407 1542 5477 ῆιιειν.

342 5503 398 5553 Gor.
419 5503 472 5552 lob.
493 5503 542 5550 vll
561 5499 594 5550 28
980 5501 1051 5548 novit
1069 5501 1139 5549 larus
1157 5501 1241 5548 omnia
1257 5498 1346 5547 Perses

618 5587 683 5635 ruet·
702 5587 762 5647 viri,
783 5585 928 5646 ingenium,
949 5586 1031 5645 vires,
1052 5586 1181 5646 consulta,
1201 5584 1312 5644 labores,

618 5669 705 5719 Martis
723 5683 785 5732 opus
804 5670 912 5730 clarum,
933 5683 1069 5732 pacemque
1088 5671 1212 5731 fidemque
1229 5669 1374 5730 benignam.
