4546 6420
436 417 583 483 XXVIII
1140 411 1370 468 Pacosrssvit.

442 659 545 723 usque
583 638 626 704 ed
654 637 809 703 Iohannis
846 637 1067 724 expeditiones
1103 654 1293 722 percurrens
1327 635 1383 699 vix
1413 654 1553 716 unquam
1583 634 1697 700 eadem
1727 653 1748 698 a
1776 640 1868 717 parte
1899 634 1960 698 hos
1986 633 2075 698 viros

444 758 573 826 stetisse
602 757 760 824 invenies.
808 757 929 824 Casina
957 778 989 823 a.
1022 759 1083 821 535
1111 756 1289 822 rebellante
1318 755 1470 835 Antalas,
1508 754 1627 818 Anteia
1656 774 1676 818 a
1706 753 1875 819 Solomone
1905 753 2076 818 deficiente

442 899 474 944 a.
501 883 562 942 544
586 877 707 944 Casina
728 877 880 942 Romanis
902 876 999 942 tidem
1022 876 1172 941 servavit.
1221 875 1391 940 Solomone
1415 873 1533 939 deinde
1554 873 1722 940 interfecto
1745 874 1898 956 quamvis·
1914 873 2076 939 Romanas

443 997 626 1084 provincias
655 997 750 1064 sirum
780 1003 943 1062 vastarent
965 1001 997 1062 et
1018 1002 1091 1081 post
1112 1015 1254 1080 pugnam
1277 969 1472 1059 Taciensem'
1493 1014 1557 1058 una
1579 992 1808 1077 Carthaginem
1831 1000 1992 1078 peterent,
2025 1001 2077 1058 ta-

445 1137 520 1183 mea
547 1124 622 1182 tuno
651 1116 791 1182 maxime
815 1115 936 1181 Casina
963 1115 1045 1180 elam
1077 1135 1148 1179 cum
1171 1113 1346 1180 Ariobindo
1375 1134 1478 1197 agens
1499 1114 1638 1179 Antaiae
1667 1113 1803 1179 insidias
1827 1115 1985 1198 struebat,
2019 1114 2076 1198 qui

445 1236 636 1304 Guntaritho
659 1236 848 1301 seditionem
861 1222 997 1320 ¹paranti
1020 1234 1225 1316 favebat¹⁴²}.
1273 1234 1338 1300 Sed
1359 1233 1534 1299 Ariobindo
1556 1233 1730 1316 trucidato,
1764 1233 1819 1299 ubi
1848 1233 1985 1318 primum
2008 1235 2077 1300 An-

446 1357 531 1422 talas
555 1355 744 1422 Guntaritho
766 1354 904 1421 infestus
927 1353 1032 1419 faetus
1055 1360 1087 1419 et
1108 1353 1310 1437 imperatoris
1332 1354 1374 1420 ad
1396 1361 1504 1438 partes
1525 1344 1746 1436 transgressus
1769 1363 1828 1434 est⁷
1855 1353 1963 1419 statim
1986 1353 2078 1420 Gun-

446 1476 555 1542 tarithi
586 1476 629 1541 ad
659 1475 832 1541 amicitiam
856 1473 977 1540 Casina
1006 1493 1041 1538 se
1070 1473 1218 1538 adiunxit
1246 1483 1278 1540 et
1308 1474 1375 1539 suis
1405 1473 1506 1558 copiis
1535 1472 1770 1558 expeditionem
1793 1480 1903 1538 contre
1924 1475 2077 1540 Anteiam

446 1602 629 1680 susceptam
658 1594 855 1678 adiuvitiiil.
902 1593 1050 1678 Denique
1079 1593 1168 1658 bello
1197 1593 1279 1659 inter
1307 1593 1482 1678 Byzantios
1512 1599 1545 1659 et
1569 1593 1721 1658 Anteiam
1749 1593 1927 1660 instaurato
1946 1595 2079 1660 'Casina

446 1715 599 1780 Iohannis
622 1714 768 1798 magistri
791 1712 896 1780 socius
918 1713 1094 1778 fidissimus
1115 1720 1245 1795 tamque
1269 1719 1418 1778 strenuus
1441 1712 1518 1792 luit,
1551 1720 1587 1779 ut
1612 1713 1682 1799 ipse
1707 1713 1853 1796 magistri
1876 1714 2013 1780 miiitum
2036 1715 2079 1780 ti-

446 1833 514 1899 tulo
536 1856 556 1900 a
579 1835 755 1900 Iustiniano
778 1833 1018 1916 ornaretur¹⁸⁴l.
1066 1832 1198 1898 Praeter
1220 1831 1372 1898 Casinam
1395 1833 1478 1897 alius
1500 1833 1682 1898 Maurorum
1704 1853 1778 1913 rex,
1811 1832 1978 1914 Iiisdaias,
2011 1835 2079 1899 lio-

446 1954 551 2019 manis
573 1954 747 2019 auxiliatus
770 1960 829 2019 est.
877 1952 978 2018 Cuius
1004 1972 1138 2035 regnum
1160 1973 1355 2036 quamquem
1378 1960 1464 2017 certo
1485 1953 1612 2017 nomine
1635 1972 1656 2016 a
1678 1951 1815 2038 Corippo
1837 1972 1995 2037 nusquam
2020 1953 2079 2020 de-

445 2080 589 2154 notatur,
623 2079 730 2138 tamen
751 2071 785 2137 in
806 2071 961 2138 Numidia
984 2072 1079 2137 sitnm
1102 2072 1305 2155 Cusinaeque
1327 2071 1415 2155 agris
1437 2071 1604 2137 finitimum
1627 2070 1727 2138 tuisse
1749 2092 1768 2139 e
1791 2071 1985 2138 lohannidos
2007 2073 2078 2140 loco

447 2211 485 2256 eo
508 2192 629 2274 elucet,
663 2213 725 2274 quo
748 2191 868 2257 Ousina
897 2199 930 2258 et
952 2191 1100 2256 Iiisdaias
1128 2193 1211 2257 inter
1239 2211 1274 2257 se
1305 2191 1525 2257 discordantes
1555 2191 1677 2256 beilum
1699 2211 1831 2277 parasse
1854 2192 2074 2278 ferentum).

447 2310 517 2376 Iam
538 2311 637 2394 igitur
658 2332 728 2377 cum
752 2310 873 2376 Cusina
895 2318 927 2377 et
947 2309 1108 2392 ffisdaias,
1134 2311 1306 2376 Numidiae
1329 2331 1434 2393 reges,
1462 2311 1686 2395 Byzantiorum
1709 2312 1894 2396 apartibus
1917 2314 2073 2396 steterint,

448 2431 529 2496 satis
550 2438 694 2516 apparet,
721 2431 775 2513 qui
797 2430 916 2496 iactum
940 2430 996 2514 sit,
1023 2431 1112 2495 utin
1135 2432 1317 2496 Maurorum
1340 2429 1489 2514 gentibus
1512 2430 1688 2496 rebellibus
1711 2433 1917 2498 recensendis
1940 2454 1960 2498 a
1981 2440 2079 2519 poeta

449 2549 621 2616 Numidiae
644 2549 902 2634 septentrionalis
924 2570 1029 2632 neque
1052 2551 1191 2635 populus
1213 2551 1299 2616 udins
1321 2570 1426 2631 neque
1450 2550 1623 2635 oppidum,
1653 2550 1829 2618 Numidiae
1858 2551 2081 2618 meridionalis

448 2690 489 2735 ea
518 2677 641 2735 tantum
671 2689 766 2756 pars,
798 2690 881 2753 quae
903 2669 1026 2735 laudae
1048 2669 1177 2734 Aurasii
1199 2669 1315 2734 montis
1344 2669 1412 2753 regi
1443 2680 1585 2754 pareret,
1617 2679 1846 2737 memoraretur
1856 2674 1920 2756 ¹⁴⁰).
1967 2674 2078 2738 Aede

448 2791 590 2855 exercitu
613 2790 766 2855 Iohannis
794 2789 928 2870 eiusque
958 2788 1089 2854 auxiliis
1119 2789 1200 2854 haec
1227 2789 1393 2854 hactenus.
1440 2787 1535 2855 Nunc
1564 2789 1605 2856 de
1634 2791 1730 2857 rebus
1756 2791 1798 2857 eb
1821 2811 1860 2857 eo
1881 2791 1982 2875 gestis
2005 2793 2080 2858 bre-

446 2910 529 2975 viter
550 2911 711 2994 agendum
734 2917 794 2976 est.

535 3030 708 3114 Byzacium
737 3050 808 3095 oum
836 3029 1013 3095 innumeris
1034 3029 1215 3094 Maurorum
1238 3027 1461 3112 praedantium
1483 3029 1595 3095 turmis
1622 3031 1867 3114 vexaretur¹⁴⁷),
1900 3033 1983 3097 hanc
2004 3053 2080 3117 pro-

449 3148 588 3214 vinciam
613 3149 807 3233 Cartbagine
830 3149 991 3234 proiectus
1012 3148 1172 3214 Iohannes
1196 3148 1384 3233 petivitui).
1430 3149 1612 3214 Maurorum
1634 3149 1812 3234 legatione,
1846 3172 1928 3236 quae
1958 3151 2001 3217 ad
2024 3173 2081 3217 oa-

540 3427 594 3487 142)
617 3427 685 3476 Proc.
706 3428 731 3477 b.
752 3425 834 3474 Vaud.
854 3427 878 3473 Ii
898 3424 931 3475 25
953 3421 1115 3493 Ἀρεάβινδος
1134 3423 1237 3494 πέμψας
1256 3423 1325 3493 παρά
1342 3423 1385 3476 τὸν
1404 3419 1531 3484 Κουζίναν
1549 3423 1633 3495 λάθρα
1652 3424 1760 3494 ἔπρασσε
1780 3426 1915 3496 προδοσίας
1934 3427 2000 3497 πέρι.
2038 3427 2081 3480 καί

451 3506 464 3559 t
482 3526 509 3561 τε
529 3505 654 3570 Nostia:
674 3508 849 3580 ὡμολόγησεν,
871 3506 972 3561 ἐπειδάν
992 3508 1018 3561 ἐν
1036 3509 1074 3578 τῷ
1092 3507 1158 3580 ἔργῳ
1177 3509 1309 3579 γένωνται,
1330 3507 1371 3562 ἐπί
1389 3527 1416 3562 τε
1435 3506 1559 3563 Ἀντάλαν
1576 3510 1620 3562 καὶ
1633 3505 1813 3580 Μαυρουσίους
1830 3512 1890 3571 τοὺς
1909 3513 1938 3565 ἐν
1950 3511 2080 3573 Βυζαντίου

449 3594 634 3664 spectaretur.
653 3623 689 3634 -
706 3594 831 3665 ἀλλήλοις
849 3594 877 3647 δὲ
896 3593 975 3666 ἄμφω
994 3594 1114 3663 πολέμιοί
1131 3613 1158 3647 τε
1176 3596 1220 3647 καὶ
1238 3595 1443 3680 tremescente
1461 3598 1574 3667 γνώμαις
1592 3595 1662 3655 ὄντες
1679 3597 1716 3668 νῷ
1734 3598 1838 3667 πυνερῷ
1855 3597 2043 3658 ξυνετάσσοντο.

540 3699 595 3760 1131
618 3701 686 3750 Ρτοο.
706 3703 734 3749 b.
753 3701 835 3749 Vand.
856 3700 880 3748 li
900 3699 931 3749 tt
955 3693 1115 3767 Ἀρταβάνης
1140 3696 1167 3751 ti
1190 3698 1235 3750 aei
1252 3694 1378 3758 Κουζίνας
1400 3697 1496 3769 ἐπῆγον
1515 3699 1557 3752 ἐπί
1574 3699 1634 3759 τοὺς
1652 3697 1780 3760 ἐναντίους
1797 3701 1827 3754 τὸ
1845 3703 1997 3772 στράτευμα.
2035 3701 2080 3760 οὓς

451 3782 484 3853 δὴ
504 3782 532 3835 ob
552 3783 741 3855 ξυνενεγκάντες
760 3783 784 3836 οἱ
802 3783 845 3846 ξὺν
863 3783 900 3853 τῷ
919 3780 1031 3853 Ἀντάλρ
1049 3780 1208 3852 Μαυρουσίου
1227 3783 1253 3842 ἐς
1273 3783 1355 3854 φυγὴν
1374 3785 1503 3856 ὥρμηντο.

542 3888 598 3950 tii)
619 3889 690 3939 Proo.
710 3891 734 3942 b.
755 3888 837 3938 Vaud.
857 3887 990 3941 11281111.
1018 3887 1073 3938 Cor.
1094 3889 1148 3938 Iob.
1169 3889 1205 3936 lv
1224 3888 1369 3939 soa-514.
1394 3888 1469 3940 lose.
1490 3891 1524 3938 Vi
1543 3890 1602 3940 267.
1623 3889 1682 3940 268.
1704 3889 1763 3941 toa.
1785 3890 1844 3942 tl'i.
1864 3893 1913 3940 Vll
1932 3891 2077 3942 zos-271.

449 3975 514 4022 Vlii
532 3972 679 4024 ist—273.

541 4077 597 4137 115)
619 4077 675 4127 Cor.
696 4076 749 4126 lob.
771 4076 820 4124 Vll
840 4073 889 4123 244
908 4089 1016 4137 namque
1034 4077 1102 4124 inter
1120 4090 1175 4125 sese
1193 4077 1252 4125 duri
1270 4077 1318 4124 iam
1338 4077 1433 4125 semina
1450 4077 1511 4125 belii

386 4153 390 4160 ’
455 4153 456 4158 ’
905 4175 996 4210 saevus
1014 4162 1128 4211 iflsdaias
1147 4169 1173 4210 et
1191 4163 1255 4211 iidue
1274 4161 1369 4211 Casina
1387 4165 1494 4225 sumptis

908 4253 969 4296 tunc
986 4246 1097 4296 habuere
1115 4248 1185 4297 odiis.
1224 4246 1320 4297 ballum
1338 4250 1388 4296 iam
1407 4247 1479 4296 corda
1497 4249 1611 4297 intutum

908 4339 1024 4395 coeperat
1041 4333 1138 4381 alterno
1155 4333 1306 4382 succendere
1325 4335 1427 4382 barbara
1445 4339 1521 4382 motu.

536 4434 592 4496 116)
615 4435 671 4488 Cor.
689 4436 743 4486 iola.
763 4437 788 4483 ll
806 4434 934 4486 ts-itt.
967 4435 999 4485 ci.
1017 4436 1136 4497 prooemii
1153 4436 1231 4484 huius
1249 4450 1274 4498 p.
1296 4435 1364 4486 xiv.
1385 4436 1443 4485 XV.

539 4537 594 4602 147)
616 4539 672 4589 Gor.
692 4538 746 4589 lob.
767 4539 779 4585 l
797 4535 942 4588 aza-³49.

538 4640 596 4702 118)
617 4640 672 4690 Cor.
692 4641 744 4691 ioh.
767 4641 777 4688 1
796 4639 846 4690 160
865 4641 968 4703 Iamque
986 4655 1031 4703 per
1049 4645 1166 4690 extensos
1185 4653 1321 4705 properans
1338 4642 1465 4689 exercitus
1483 4655 1551 4702 agros

862 4726 962 4785 Byzacii
981 4728 1098 4789 carpebat
1115 4728 1176 4788 iter,
1197 4740 1248 4788 qna
1265 4727 1377 4776 Antonia
1394 4733 1475 4776 castra

862 4812 961 4860 nomine
979 4811 1063 4861 dictus
1080 4813 1135 4861 avis
1152 4803 1221 4862 iocus
1239 4819 1287 4862 eat.
1325 4812 1366 4861 hic
1384 4819 1465 4860 matra
1483 4812 1605 4862 iohannes

861 4911 919 4947 mox
939 4899 1037 4959 posuit:
1059 4899 1136 4957 legati
1155 4904 1181 4946 et
1199 4899 1248 4946 iam
1265 4911 1358 4946 venere
1376 4899 1483 4957 tyranrd.

449 4985 521 5034 Vnde
540 4985 651 5033 Antonia
664 4987 747 5032 vcastra
763 4995 856 5031 nomen
873 4983 995 5032 duxerint
1011 4988 1037 5031 et
1054 4984 1100 5032 nbi
1117 4985 1222 5044 inerint,
1243 4983 1339 5032 nescim
1358 4995 1399 5031 me
1417 4983 1504 5032 iateor.
1544 4983 1647 5030 Antonii
1667 4983 1792 5032 Gordiani¹
1804 4992 1884 5033 casua
1902 4984 2017 5033 denotari
2035 4999 2076 5032 ar·

448 5072 558 5119 bitratus
576 5077 616 5119 est
634 5069 751 5118 Tauxier.
787 5069 875 5118 Notius
893 5082 937 5116 aur
955 5068 1063 5131 corippe
1081 5075 1107 5117 et
1125 5083 1168 5117 sur
1185 5071 1211 5117 la
1227 5068 1374 5118 Iohannide.
1403 5068 1465 5118 Rev.
1486 5069 1541 5118 dir.
1561 5066 1610 5115 XX
1631 5067 1696 5118 1876
1716 5083 1740 5130 p.
1761 5067 1813 5119 296
1833 5069 1867 5117 ‘il
1883 5083 1911 5118 ae
1929 5077 2001 5131 porta
2018 5069 2075 5118 hors

447 5156 478 5205 de
495 5157 520 5204 ia
538 5157 597 5203 ville
613 5155 700 5217 iusqn'
718 5168 750 5202 au
768 5167 839 5216 camp
856 5154 999 5216 Antonias,
1026 5154 1114 5216 elramp
1137 5155 1169 5202 de
1189 5154 1291 5202 babille
1315 5154 1385 5202 situs
1406 5167 1456 5202 non
1479 5154 1533 5202 loiu
1550 5152 1595 5201 dee
1612 5154 1744 5212 tanbcurgs
1762 5159 1788 5202 et
1805 5155 1899 5202 tdmoin
1915 5153 1982 5213 jadia
2000 5155 2033 5202 de
2050 5155 2075 5202 la

448 5241 543 5291 delatae
564 5242 596 5290 de
615 5239 753 5289 Gordiani
775 5253 820 5301 par
838 5238 979 5301 Capellien.
1018 5240 1066 5300 Li,
1093 5237 1158 5287 Jean
1181 5244 1313 5288 rencontra
1338 5237 1437 5288 i'armte
1459 5239 1504 5287 dea
1527 5237 1657 5298 indigenas
1681 5239 1840 5287 commendate
1863 5252 1909 5300 par
1926 5240 2030 5288 Antalaa
2048 5247 2075 5288 et

448 5329 517 5376 anesi
529 5340 574 5389 par
585 5325 682 5375 Jerna'.
712 5325 835 5386 Equidem
848 5325 961 5373 tumultu
974 5325 1050 5386 brevi,
1072 5337 1121 5386 quo
1134 5323 1273 5374 Gordianus
1285 5325 1369 5388 periit,
1389 5337 1513 5388 perpenso
1528 5324 1660 5386 (Herodian
1673 5324 1708 5372 Vl
1720 5324 1744 5375 9.
1765 5323 1940 5392 iul-Gapitol.
1955 5325 2076 5374 Gordiani

445 5420 498 5462 tres
519 5413 558 5472 15)
584 5403 741 5460 adordiano
763 5414 844 5459 castra
860 5411 959 5460 munita
976 5424 1045 5471 ease,
1072 5424 1178 5472 quorum
1202 5412 1320 5460 memoria
1344 5424 1377 5460 ue
1396 5409 1443 5458 vl⁰
1468 5411 1572 5473 quidem
1590 5409 1689 5460 saeculo
1707 5411 1825 5472 perierit,
1851 5411 1895 5458 vix
1912 5410 2070 5460 crediderim.

447 5498 564 5547 Ceterum
581 5511 666 5560 pugna
682 5498 741 5559 iila,
769 5511 818 5559 qua
836 5496 976 5545 Gordianus
993 5496 1063 5544 iilius
1080 5496 1183 5556 cecidit,
1210 5495 1373 5545 hauddubie
1391 5498 1418 5544 in
1439 5498 1478 5544 ria
1497 5495 1662 5558 Thessalae,
1691 5507 1742 5544 non
1758 5497 1787 5544 in
1805 5495 1987 5546 Hadrumetina
2005 5507 2072 5543 com-

445 5585 522 5634 miaaa
539 5591 586 5634 est.
624 5583 743 5646 Denique
766 5584 798 5632 ad
821 5588 901 5632 matra
917 5583 1029 5631 Antonia
1046 5582 1185 5632 Iohannem
1206 5596 1263 5632 cum
1281 5584 1395 5632 exercitu
1414 5583 1521 5632 Maurico
1539 5593 1702 5641 congressum
1720 5583 1825 5642 primam
1842 5581 1971 5628 uictoriam
1989 5593 2074 5641 repor-

444 5677 512 5721 tasse
530 5672 615 5720 nescio
632 5683 694 5718 uum
714 5669 823 5717 Tauxier
840 5667 1020 5728 contendisset,
1041 5669 1062 5715 si
1081 5670 1221 5717 accuratius
1238 5671 1326 5730 paullo
1344 5669 1401 5717 iibri
1420 5667 1524 5718 secundi
1542 5666 1692 5716 iohannldoe
1710 5668 1841 5716 exordium
1859 5667 2023 5729 inspexisset.
