4462 6436
1180 406 1328 464 CORIPPI

827 595 987 663 hnmanae
1009 597 1054 663 nil
1077 597 1184 686 laudis
1207 605 1298 682 eget,
1325 598 1384 664 sed
1405 606 1481 665 vota
1503 598 1654 665 clientum

828 708 957 784 pensat,
985 700 1178 785 devotosque
1202 701 1265 768 sibi
1287 702 1408 787 pietate
1431 710 1570 769 coronat.

826 803 942 870 fertilis
965 804 1018 872 hio
1038 806 1186 889 Augusta
1207 825 1322 872 manus
1344 805 1487 889 felixque
1510 806 1613 872 videri

825 906 899 991 plus
922 907 1040 990 voluit,
1066 908 1254 991 nullumque
1278 929 1335 975 suo
1358 909 1520 996 praesume
1543 909 1657 975 favori

824 1031 963 1093 namque
984 1011 1060 1078 illos
1083 1012 1175 1078 donis
1198 1013 1386 1098 conscriptis
1408 1014 1551 1100 patribus
1574 1031 1694 1095 aequos

825 1133 897 1180 esse
921 1115 1026 1199 dedit,
1053 1136 1125 1182 cum
1148 1117 1247 1186 distet
1268 1117 1378 1183 honor.
1426 1116 1597 1201 vigilantia
1619 1115 1720 1181 noctis

825 1219 885 1284 hoc
906 1220 1022 1286 meruit
1045 1220 1190 1305 carisque
1213 1221 1326 1288 favens
1350 1221 1512 1307 sapientia
1534 1221 1645 1288 Musis.

824 1322 944 1388 doctior
966 1330 998 1389 et
1019 1324 1168 1409 princeps
1190 1325 1293 1406 novit,
1319 1325 1404 1408 quod
1426 1325 1533 1392 littera
1557 1345 1662 1392 rerum

697 1447 726 1483 ‚a
822 1446 898 1510 pars
919 1447 1039 1511 magna
1060 1434 1111 1493 est
1132 1439 1333 1512 magnusque
1356 1429 1447 1494 labor
1471 1427 1683 1494 scribentibus
1706 1426 1814 1492 instat.

685 1531 687 1538 ’
908 1531 1052 1615 protinus
1074 1530 1369 1598 officiissummam
1390 1531 1570 1598 tutantibus
1592 1531 1726 1630 aulam,

822 1633 986 1700 ordinibus
1008 1634 1144 1718 propriis
1167 1641 1199 1700 et
1221 1635 1325 1719 prisco
1347 1654 1434 1702 more
1457 1635 1592 1718 notatis,

821 1757 941 1820 perque
964 1737 1090 1804 scholas
1112 1745 1296 1823 turmasque
1319 1758 1454 1821 vocans,
1480 1738 1534 1825 pia
1556 1737 1700 1822 praemia
1721 1735 1868 1819 gaudens

822 1841 984 1924 praebuit,
1011 1848 1043 1908 et
1064 1841 1145 1908 fidos
1168 1842 1282 1927 opibus
1304 1842 1420 1909 (litavit
1442 1843 1589 1908 alumnos

821 1963 878 2028 pro
901 1944 1024 2012 meritis
1045 1945 1263 2029 gradibusque
1286 1945 1365 2012 suis.
1411 1945 1498 2012 idem
1519 1945 1649 2011 inclitus
1672 1962 1781 2008 omnes

770 2127 772 2130 Ι
821 2047 992 2130 nutrierat,
1018 2049 1155 2133 vivoque
1178 2049 1274 2114 etiarn
1296 2049 1440 2133 genitore
1464 2049 1608 2133 regebat.

821 2157 915 2216 natus
937 2151 971 2216 in
993 2151 1144 2236 imperio,
1171 2152 1279 2219 media
1300 2153 1436 2219 nutritus
1459 2152 1493 2218 in
1514 2152 1591 2217 aula

820 2254 903 2320 inter
924 2255 1125 2321 alumnorum
1147 2275 1296 2323 numeros
1319 2263 1493 2340 coetusque
1515 2255 1647 2337 fideles,

819 2358 948 2424 nomina
970 2366 1172 2442 cunctorum,
1199 2368 1381 2426 cunctorum
1404 2366 1539 2426 noverat
1559 2366 1668 2440 ectus,

711 2485 722 2522 a
820 2482 932 2528 omnes
954 2463 1040 2528 mitis
1063 2482 1193 2546 amans,
1220 2482 1331 2529 omues
1352 2463 1472 2548 pietate
1494 2469 1630 2548 patema

819 2586 945 2652 semper
966 2566 1058 2632 alens
1081 2585 1270 2651 semperque
1292 2585 1436 2633 mouens.
1483 2565 1609 2649 rituque
1631 2563 1766 2648 regendi

819 2670 958 2737 continet
979 2670 1050 2755 ipse
1073 2688 1148 2735 suos
1170 2670 1331 2753 nutritque
1353 2669 1503 2752 fovetque
1526 2669 1676 2736 clientes:

775 2835 779 2843 .
817 2773 969 2858 pro'vidus
991 2781 1027 2838 ut
1048 2779 1172 2858 pastor,
1198 2773 1294 2857 longo
1316 2773 1372 2856 qui
1394 2780 1537 2858 tempore
1559 2779 1667 2838 tauros

817 2877 1044 2960 lanigerosque
1066 2895 1183 2960 greges
1205 2875 1350 2942 herbosis
1373 2876 1463 2962 pavit
1484 2875 1517 2941 iu
1540 2875 1647 2959 agris,

788 3031 790 3035 ,
817 2981 924 3046 omnia
945 3000 1028 3065 quae
1051 2980 1159 3066 posuit
1181 2987 1344 3045 taurorum
1366 2979 1494 3045 nomina
1516 2978 1621 3058 novit;

818 3103 961 3150 crescere
984 3084 1137 3151 dilectum
1159 3082 1281 3166 gaudet
1301 3103 1418 3168 pecus,
1443 3084 1541 3149 intrat
1563 3082 1665 3164 ovile,

817 3187 969 3253 discernit
990 3194 1118 3254 teneros
1140 3193 1172 3252 et
1193 3187 1227 3252 iu
1249 3207 1348 3253 unum
1371 3194 1546 3271 congregat
1566 3205 1669 3270 agnos

815 3290 945 3356 nomina
967 3297 1043 3356 nota
1064 3309 1198 3357 vocans:
1225 3289 1338 3356 audita
1360 3310 1438 3357 voce
1460 3296 1654 3374 sequuntur,

815 3401 996 3476 agnoscunt
1018 3393 1198 3476 dominum,
1224 3394 1417 3478 pulsantque
1440 3395 1602 3460 balatibus
1624 3412 1738 3474 auras,

814 3505 911 3580 atque
933 3497 1021 3565 avidi
1044 3504 1173 3564 sumunt
1195 3497 1333 3580 virides,
1359 3517 1441 3580 quae
1462 3497 1596 3580 adtulit,
1623 3497 1750 3563 herbas.

899 3601 1022 3668 interea
1043 3602 1181 3687 populus
1203 3608 1286 3668 totas
1309 3602 1514 3686 conpleverat
1535 3599 1652 3682 aedes,

814 3712 942 3771 ornatas
964 3705 1056 3771 nexis
1079 3704 1207 3772 diversa
1230 3725 1271 3771 ex
1293 3703 1406 3770 fronde
1429 3703 1565 3770 coronis.
1746 3701 1747 3704 ’

779 3823 782 3828 ·
815 3809 918 3875 serica
940 3827 997 3894 per
1018 3813 1150 3875 cunctas
1172 3808 1357 3893 pendebant
1378 3808 1452 3874 vela
1474 3808 1650 3874 columnas.

813 3931 932 3996 perque
955 3930 1049 3977 arcus
1070 3911 1221 3994 vicosque
1243 3931 1353 3977 omnes
1374 3911 1525 3978 adstabat
1547 3918 1681 3994 utraque

813 4021 904 4100 parte
927 4014 1040 4081 favens
1063 4015 1197 4098 vulgus,
1223 4014 1412 4101 palmasque
1434 4015 1586 4098 sinusque
1608 4015 1754 4099 parabat.

813 4119 953 4185 consulis
976 4120 1149 4185 adventurn
1173 4139 1298 4186 summa
1320 4118 1478 4184 tardantis
1498 4119 1533 4184 in
1555 4118 1631 4184 aula

812 4229 999 4308 expectant,
1025 4223 1231 4307 penduntque
1253 4240 1376 4304 moras,
1403 4239 1582 4306 causasque
1604 4241 1763 4287 morarum

811 4327 989 4410 inquirunt,
1015 4326 1187 4409 oculosque
1209 4346 1319 4392 omnes
1340 4325 1385 4390 ad
1407 4325 1497 4408 regia
1518 4324 1634 4392 tollunt

810 4430 939 4514 limina,
965 4449 1213 4516 processumque
1235 4429 1374 4512 Augusti
1396 4429 1537 4496 consulis
1559 4435 1687 4514 optant:

811 4535 889 4600 haut
911 4553 1004 4602 secus
1027 4541 1062 4601 ut
1084 4533 1197 4617 Libyci
1219 4541 1305 4600 terra
1327 4532 1456 4598 sitiente
1479 4531 1584 4599 coloni

810 4636 921 4704 nubila
943 4637 1140 4722 suspiciunt,
1166 4643 1250 4702 moto
1273 4655 1344 4701 cum
1367 4635 1497 4720 fulgura
1519 4634 1608 4702 eaelo

810 4742 914 4826 prima
935 4741 1072 4822 micant,
1098 4741 1271 4823 crebroque
1292 4746 1408 4806 tonans
1429 4738 1533 4810 Notus
1554 4738 1688 4824 inplicat
1709 4738 1872 4820 aethram,

809 4844 980 4910 ruricolam
1003 4845 1104 4910 siccos
1126 4843 1275 4909 discurrit
1296 4843 1390 4909 turba
1412 4862 1586 4928 peragras
1857 4839 1859 4842 ’

810 4968 868 5034 spe
891 4947 1038 5034 pluviae,
1065 4947 1284 5030 mundantque
1307 4946 1411 5028 locos,
1438 4944 1608 5028 aditusque
1631 4946 1754 5010 viarum

666 5073 713 5116 ιιι
808 5052 943 5135 librant,
970 5058 1002 5117 et
1024 5069 1136 5118 cursus
1158 5069 1268 5116 omnes
1290 5049 1496 5116 moderantur
1516 5069 1689 5133 aquarum,

765 5235 767 5238 ¹
809 5156 895 5222 unde
917 5154 1019 5222 fluant
1041 5153 1155 5238 liquidi
1177 5173 1235 5238 per
1256 5160 1348 5239 prata
1370 5152 1507 5218 virentia
1528 5152 1606 5244 riui,

492 5335 536 5384 181
558 5336 709 5396 conscriptos
730 5338 741 5381 l
762 5349 807 5394 m.,
828 5333 978 5393 conscriptis
997 5332 1013 5378 2
1029 5345 1063 5379 m.
1086 5327 1114 5375 M
1228 5327 1275 5378 182
1293 5330 1374 5376 noctis
1394 5326 1428 5390 M,
1449 5331 1542 5379 nostris
1562 5329 1684 5390 Dempta,
1705 5329 1746 5376 aed
1763 5328 1798 5389 cs.
1817 5344 1907 5391 panop.
1930 5335 1958 5380 ia
1976 5334 2051 5384 laud.

421 5423 509 5469 Aaou.
531 5425 564 5472 13
680 5419 728 5469 184
746 5424 773 5468 et
791 5421 879 5479 Pupp,
905 5425 944 5466 cst
963 5416 991 5463 M
1103 5415 1151 5464 185
1169 5416 1249 5464 instat
1265 5417 1363 5476 scripsi,
1388 5415 1467 5463 instet
1486 5413 1514 5461 M
1629 5413 1676 5464 iss
1696 5429 1789 5478 perque
1806 5416 1903 5466 soboles
1923 5419 2052 5483 Demprt„

420 5521 466 5568 per
483 5509 562 5556 scolas
581 5507 615 5568 M,
635 5506 677 5555 aed
694 5522 706 5555 r
724 5520 736 5553 s
754 5507 771 5553 2
787 5522 821 5556 m.
842 5504 938 5552 addidit
955 5507 982 5550 ia
999 5504 1078 5551 lituro
1183 5499 1231 5551 189
1249 5501 1341 5549 ditabit
1359 5504 1370 5548 1
1386 5517 1432 5560 m.,
1453 5502 1548 5550 ditruit
1566 5503 1626 5549 21η.
1643 5500 1672 5547 M
1776 5501 1819 5550 191
1842 5503 1955 5565 niboque
1975 5510 1987 5552 l
2004 5522 2052 5566 m.,

420 5597 530 5656 uinoque
549 5597 616 5644 21η.
639 5594 668 5642 M
778 5592 828 5654 tus
846 5605 946 5640 eruscos
964 5617 998 5626 —
1017 5603 1087 5650 egros
1106 5587 1134 5634 M
1244 5588 1294 5636 203
1313 5593 1432 5637 secuntur
1451 5588 1479 5634 M
1590 5587 1639 5636 2114
1658 5602 1708 5648 que
1726 5588 1787 5636 delet
1806 5588 1931 5652 Dempta,
1952 5591 1996 5640 aad
2014 5592 2052 5652 ef.

420 5680 472 5729 Iol.
495 5683 569 5728 1174
674 5679 725 5729 205
744 5677 857 5727 crbusM
959 5675 1009 5726 2118
1028 5678 1107 5725 serice
1124 5675 1163 5722 vel
1180 5675 1263 5732 Syrien
1279 5673 1350 5734 Rure,
1370 5672 1486 5722 siricaM
1589 5671 1639 5722 211
1657 5674 1744 5722 obtent
1762 5672 1791 5720 M
1893 5673 1945 5724 215
1964 5675 2053 5724 rutM

419 5766 469 5816 216
487 5768 631 5830 suscipiunt
648 5766 676 5813 M
778 5764 828 5814 211
847 5765 932 5814 chrum
951 5762 980 5810 M
1081 5760 1132 5812 218
1151 5761 1288 5810 ruriculum
1307 5759 1334 5806 M
1437 5759 1597 5809 2201ibreut
1616 5764 1628 5806 1
1649 5774 1694 5818 m.,
1714 5760 1805 5808 liberet
1824 5761 1891 5808 lm.
1913 5761 1940 5808 M
