4546 6420
900 388 1131 446 nnoonurvu.
1750 394 1833 460 xp<

199 611 322 678 auxilio
353 631 392 675 ne
421 609 617 694 privaretur,
652 611 833 676 Solomonis
864 611 1035 696 plurimum
1066 613 1249 680 interfuisse
1281 613 1465 700 etcorippi
1488 617 1597 682 eloco
1627 621 1731 699 ooilj,
1765 640 1828 702 quo

127 729 132 740 '
184 733 333 816 'triginta
355 728 444 795 milia
467 730 605 794 virorum
629 729 703 795 huic
725 731 794 814 regi
817 731 964 816 paruisse
987 733 1217 818 comperimus,
1243 741 1276 799 et
1298 753 1338 800 ex
1360 733 1490 818 itinere,
1517 757 1579 819 quo
1602 736 1729 802 Solomo
1753 738 1834 804 Gar-

201 852 335 937 tbagine
350 851 496 916 hostibus
511 850 637 915 obviam
653 849 722 932 ivit,
749 851 930 934 collegeris.
977 853 1091 937 Neque
1107 853 1192 918 enim
1208 853 1261 919 via
1276 854 1395 920 litorali
1410 855 1643 922 Hadrumetina
1657 857 1831 942 Byzacium

202 973 334 1060 petivit,
361 971 421 1037 sed
442 970 612 1054 Bagradae
636 971 834 1054 pervellem
857 973 1059 1054 Thevesten,
1086 973 1196 1038 urbem
1219 974 1391 1040 Numidiae
1414 975 1634 1042 meridionalis
1656 977 1834 1043 munitissi-

200 1115 286 1158 mam
297 1095 348 1176 ⁸⁴),
375 1091 536 1176 proiectus
560 1090 610 1156 bic
625 1111 699 1156 curn
715 1092 845 1174 Cusiua,
873 1113 967 1175 quem
983 1093 1092 1158 hostes
1107 1093 1234 1175 magnis
1249 1093 1314 1158 iam
1331 1094 1431 1178 copiis
1447 1095 1605 1180 pressisse
1619 1096 1829 1182 videntur⁸⁶l,

201 1221 306 1280 castra
335 1212 449 1277 iunxit.
498 1210 624 1304 Deinde
654 1211 790 1296 primum
820 1212 949 1297 quidem
979 1213 1161 1277 Maurorum
1190 1213 1360 1279 rebellium
1390 1234 1521 1281 numero
1550 1214 1675 1300 ingenti
1704 1217 1833 1283 territus

201 1354 274 1400 cum
297 1332 578 1416 Laguantensibus
608 1331 648 1397 de
677 1351 757 1417 paee
786 1332 1006 1417 componenda
1031 1352 1128 1416 agere
1155 1333 1270 1417 coepit.
1318 1334 1397 1400 Cum
1420 1342 1529 1400 autem
1551 1335 1659 1402 hostes
1683 1337 1834 1403 victoriae

203 1473 260 1538 spe
293 1452 391 1518 erecti
420 1451 624 1517 condiciones
653 1471 765 1517 omues
794 1452 997 1535 reiecisseut,
1035 1472 1176 1537 pugnam
1206 1454 1342 1536 paravit.
1391 1454 1567 1520 Occasione
1598 1475 1675 1521 usus
1706 1464 1831 1540 partem

201 1572 362 1639 exercitus
384 1571 518 1636 Maurici
546 1571 669 1654 praeda
698 1592 815 1656 magna
844 1579 1009 1638 oneratam
1040 1573 1209 1656 oppressit.
1258 1574 1324 1639 Sed
1352 1574 1463 1659 pardlo
1493 1583 1565 1659 post
1594 1595 1665 1640 cum
1694 1575 1831 1642 bostium

202 1693 304 1778 copiis
333 1691 492 1758 universis
522 1711 714 1775 congressus
743 1691 970 1776 Byzantiorum
1002 1694 1177 1774 exereitus,
1211 1714 1404 1777 quamquam
1436 1694 1608 1761 fortissime
1631 1696 1831 1778 aliquamdiu

202 1814 373 1895 restiterat,
399 1811 529 1878 tandem
552 1811 757 1878 multitudine
780 1819 949 1896 superatus
972 1819 1062 1896 terga
1086 1811 1186 1878 dedit.
1234 1813 1361 1879 Solomo
1384 1815 1463 1898 ipse,
1491 1816 1546 1897 qui
1568 1815 1737 1899 armigeris
1758 1816 1832 1882 fidis

202 1935 340 2019 stipatus
369 1932 490 1999 diutius
517 1930 633 1998 ceteris
659 1931 798 1997 bostium
821 1933 975 2016 impetum
998 1932 1209 2015 sustinuerat,
1244 1953 1314 1999 sero
1336 1933 1371 1998 in
1394 1934 1504 2019 fugam
1527 1956 1699 2003 conversus
1722 1937 1828 2021 periit.

202 2055 335 2136 Pugnae
365 2052 461 2118 huius
488 2051 599 2117 fatalis
629 2051 877 2136 descriptionem
907 2053 1085 2138 simplicem
1116 2061 1148 2118 et
1177 2053 1334 2119 sinceram
1364 2055 1517 2140 Procopio
1547 2056 1712 2122 debemus.
1760 2057 1833 2144 Non

203 2173 358 2254 defuisse,
384 2173 525 2257 quinon
547 2171 685 2237 bostium
708 2193 850 2256 numero,
877 2172 935 2239 sed
957 2173 1140 2238 Maurorum
1163 2172 1399 2239 foederatorum
1421 2175 1558 2259 perfidia
1580 2177 1632 2241 vel
1649 2175 1834 2241 Guutaritbi

202 2292 382 2378 proditioue
411 2293 573 2358 Romanos
602 2291 787 2378 profligatos
816 2311 889 2358 esse
919 2298 1160 2366 asseverarent,
1198 2292 1328 2378 Corippi
1357 2314 1374 2359 e
1403 2293 1583 2361 Iohauuide
1614 2295 1767 2361 discimus
1778 2298 1830 2378 8⁰).

203 2412 269 2479 Sed
297 2413 477 2478 rumoribus
505 2411 642 2495 talibus,
676 2412 793 2496 quibus
822 2412 984 2480 exercitus
1010 2412 1085 2477 victi
1109 2412 1262 2478 solacium
1286 2434 1403 2479 vanum
1426 2420 1594 2499 captantes
1615 2415 1832 2482 infirmitatem

204 2533 408 2599 dissimulare
431 2532 498 2598 fere
522 2534 636 2615 solent,
662 2532 758 2599 fidem
774 2533 956 2598 habiturum
973 2533 1068 2598 credo
1083 2532 1254 2598 neminem.
1295 2534 1338 2598 At
1353 2554 1415 2599 uno
1430 2555 1447 2601 e
1464 2534 1551 2601 fonte
1566 2535 1711 2620 Procopii
1725 2556 1837 2601 uana·

202 2654 280 2720 tioni
309 2654 386 2720 addi
415 2652 538 2735 aliquid
567 2671 662 2738 posse
692 2672 825 2734 censeo,
859 2652 996 2719 Victoris
1018 2653 1247 2718 Tunuuueusis
1270 2673 1287 2718 e
1310 2654 1396 2736 loco,
1430 2675 1525 2737 quem
1554 2655 1680 2721 mendis
1703 2654 1832 2739 quidem

201 2775 391 2857 lacunisque
424 2773 625 2856 inquinatum
658 2772 815 2840 editiones
844 2773 997 2839 exhibent
1006 2777 1063 2855 87),
1100 2772 1274 2856 genuinum
1302 2793 1376 2838 vero
1402 2775 1436 2840 in
1461 2775 1552 2840 libris
1577 2795 1674 2840 manu
1701 2775 1829 2860 scriptis

203 2914 288 2960 nunc
316 2894 453 2979 primum
483 2893 629 2959 excussis
651 2892 818 2959 Eualdius
847 2893 979 2959 invenit.
1027 2893 1090 2972 Qui
1121 2912 1191 2958 cnm
1216 2913 1233 2958 e
1256 2893 1385 2960 schedis
1417 2895 1485 2960 suis
1508 2895 1725 2976 Mommseno,
1758 2907 1836 2979 pro*

204 3015 327 3081 sessore
349 3013 578 3094 illustrissime,
604 3020 733 3098 petente
755 3012 914 3096 quidquid
936 3011 978 3077 cd
999 3012 1212 3078 Johanuidem
1237 3014 1462 3098 explicandam
1484 3014 1681 3100 pertinebat,
1708 3035 1834 3081 mecum

204 3133 497 3214 communicaverit,
523 3133 588 3198 iam
612 3134 816 3199 emendatum
839 3133 975 3198 Victoris
997 3133 1102 3198 locum
1125 3133 1308 3199 adscribere
1330 3133 1409 3199 mihi
1432 3135 1575 3219 contigit.

295 3257 384 3339 ‘post
416 3253 617 3319 consulatum
647 3253 762 3320 Basilii
791 3274 822 3318 v.
855 3274 884 3318 o.
914 3273 997 3318 anno
1023 3253 1083 3318 III.
1115 3253 1232 3319 Stuaas
1264 3260 1420 3337 tyrannus
1452 3255 1597 3338 gentium
1631 3254 1836 3320 multitudine

203 3374 347 3439 adunata
369 3373 531 3440 Salomoni
562 3373 715 3458 magistro
739 3372 875 3438 militiae
898 3393 937 3438 ac
958 3373 1091 3458 patricio
1113 3372 1241 3439 Africae
1265 3374 1486 3460 ceterisqueiss)
1514 3375 1678 3440 Romanae
1700 3374 1836 3440 militiae

205 3494 340 3561 ducibus
363 3494 445 3560 Cilio
474 3493 619 3560 occurrit.
667 3493 723 3559 ubi
753 3493 980 3577 congressione
1009 3492 1094 3558 facta
1123 3493 1265 3579 peccatis
1294 3493 1423 3560 Africae
1445 3495 1610 3562 Romanae
1639 3494 1837 3579 reipublicae

207 3615 322 3681 militia
346 3621 525 3700 superatur,
553 3613 706 3680 Solomon
729 3614 895 3696 utriusque
917 3613 1085 3699 potestatis
1107 3613 1156 3677 vir
1178 3620 1327 3680 strenuus
1349 3614 1472 3699 proelio
1494 3614 1652 3680 moritur'.

291 3752 492 3835 Quamquam
515 3751 551 3815 in
573 3770 611 3816 eo
633 3750 763 3834 quidem
779 3751 889 3816 Victor
910 3751 1038 3833 erravit,
1063 3749 1150 3834 quod
1165 3749 1302 3816 Stutiam
1317 3750 1439 3817 Mauris
1453 3759 1529 3818 tuuc
1545 3751 1725 3837 praefuisse
1740 3751 1834 3836 dixit,

106 3889 107 3892 ’
206 3872 294 3939 haud
309 3880 418 3939 tamen
433 3871 648 3956 spernendam
664 3869 854 3936 crediderim
870 3869 943 3949 loci,
961 3891 1024 3954 quo
1039 3877 1217 3956 pugnatum
1233 3870 1284 3952 sit,
1302 3871 1508 3937 mentionem.
1534 3871 1648 3954 Neque
1663 3871 1748 3937 enim
1763 3892 1839 3956 per-

206 4013 317 4078 peram
339 3991 450 4077 oppidi
472 3991 561 4056 illius
583 4010 696 4075 parum
719 3991 857 4056 celebris
875 4010 991 4056 nomen
1008 3991 1153 4074 scriptori
1167 3991 1201 4055 in
1216 3995 1356 4055 mentem
1372 3991 1501 4056 veulsse
1516 3991 1584 4056 veri
1600 3991 1705 4058 simile
1721 3999 1780 4074 est,
1806 3999 1839 4057 et

207 4113 288 4178 situs
304 4111 374 4178 eius
389 4110 508 4196 optime
523 4130 595 4176 cum
611 4110 757 4195 Procopii
772 4109 953 4176 narratione
976 4111 1135 4176 convenit.
1174 4110 1292 4176 Ollium
1315 4110 1400 4176 euim
1422 4111 1476 4176 vel
1498 4148 1541 4158 -
1563 4118 1599 4176 ut
1619 4089 1837 4196 inscriptionis

295 4477 337 4536 63)
358 4477 413 4524 Iob.
433 4477 482 4523 vll
501 4473 560 4524 266.
582 4474 642 4524 atr.
1211 4517 1215 4526 ,

297 4578 338 4634 84)
360 4579 406 4630 Cb.
427 4578 522 4628 I'draud
542 4578 620 4626 Notes
638 4591 682 4625 sur
700 4577 810 4625 Tebesss
828 4578 890 4625 Iler.
911 4579 965 4625 lllr.
986 4576 1073 4624 XVIII
1095 4574 1160 4624 1874
1179 4589 1203 4638 p.
1225 4574 1284 4624 437.
1307 4576 1366 4624 438.

296 4683 338 4744 ⁸5>
359 4683 412 4731 ron.
433 4683 471 4731 111
489 4681 549 4731 roe.

298 4786 340 4846 66)
362 4784 417 4835 Gor.
438 4786 491 4833 lob.
506 4782 605 4833 ΙΙΙ-412
624 4783 736 4832 Iluraces
755 4784 825 4831 fletos
843 4782 956 4843 suscepit
974 4781 1163 4830 nesciusartlr.

623 4881 696 4918 meur
714 4869 820 4917 obscura
837 4873 936 4926 manet,
957 4867 1090 4929 quotiens,
1112 4865 1237 4927 Fortuna,
1258 4866 1370 4915 minaris.

623 4955 688 5016 beu,
711 4953 827 5003 Salomon
838 4953 1001 5015 «maerendo,
1019 4953 1074 5000 tuis
1092 4952 1137 5001 hos
1155 4952 1260 5011 langere
1278 4952 1367 5000 eastrls

623 5040 753 5091 debueras.
1074 5033 1075 5036 ’

506 5123 608 5176 111428
628 5125 765 5176 Guntarith
782 5126 874 5174 infelix
891 5131 1005 5174 nostrum
1023 5126 1162 5174 conterrult
1179 5136 1276 5184 nguren.

626 5226 676 5261 non
694 5214 790 5262 victum
807 5213 919 5274 lenanu,
941 5212 1028 5260 minax
1046 5224 1095 5259 non
1114 5213 1242 5272 presserat
1259 5209 1351 5269 hostls,

624 5312 674 5346 non
693 5303 777 5346 metus
795 5311 853 5346 acer
870 5311 960 5360 agens3
982 5297 1026 5346 ted
1045 5301 1146 5344 vertens
1165 5300 1250 5343 mente
1268 5294 1379 5354 maligna

624 5387 698 5446 signa
715 5386 789 5434 relert
807 5384 932 5446 fugitque.

224 5513 228 5520 -
297 5487 338 5551 Sl)
360 5489 428 5538 vict.
449 5488 515 5536 Tun.
536 5488 577 5536 cd.
598 5487 708 5536 Itonealll
725 5487 751 5534 11
768 5500 794 5548 p.
815 5484 874 5534 370.

299 5589 339 5654 88)
363 5591 463 5639 Africae
481 5591 620 5652 ceterlsque
639 5593 736 5650 scripsi,
758 5591 814 5639 Alrl
831 5591 973 5651 ceterisque
989 5585 1083 5636 codices
1100 5585 1150 5636 duc
1169 5585 1405 5634 Macrianorum.
1427 5583 1494 5630 XIII
1511 5587 1534 5632 et
1554 5583 1627 5642 XVI,
1649 5585 1741 5632 atricae
1761 5584 1841 5633 aedu-

211 5679 299 5738 cisquc
317 5677 371 5727 cod.
394 5677 568 5726 Ercorlolmair
586 5691 649 5727 suec.
673 5677 743 5737 XVI,
764 5677 865 5724 Arne-ae
883 5675 1029 5736 deducique
1048 5673 1086 5722 ed.
1107 5673 1186 5735 acal,
1208 5674 1307 5721 Africae
1324 5672 1433 5733 ducique
1451 5668 1488 5719 erl.
1511 5668 1589 5718 Bone.

1594 5768 1633 5824 οἱ
