4508 6434
1169 390 1318 462 conum
1398 417 1399 422 ¹

819 594 852 666 et
874 585 1010 672 sumptis
1032 581 1147 652 latices
1168 581 1262 660 iussit
1285 581 1459 650 defendere
1481 581 1567 650 telis.

819 690 898 760 utile
921 688 1107 772 consilium,
1137 686 1166 754 si
1187 692 1262 758 tuno
1284 687 1429 758 Romana
1450 686 1590 758 iubentis

819 794 987 878 implesset
1007 797 1179 878 praecepta
1200 807 1326 858 manns.
1372 789 1555 860 miserabile
1577 790 1677 864 saun

819 897 960 964 audaces
983 894 1073 962 dedit
1094 912 1167 963 esse
1188 893 1286 960 virus.
1332 893 1518 982 passimque
1540 895 1689 962 iuventus

820 1019 878 1084 per
900 1017 1028 1084 campos
1051 997 1169 1062 diffusa
1191 996 1270 1082 ruit,
1296 996 1453 1083 primique
1476 997 1639 1066 lacessunt

820 1101 950 1188 agmine
970 1101 1075 1188 prima
1095 1099 1167 1166 viri.
1215 1107 1405 1168 concurrunt
1427 1100 1538 1168 ordine
1560 1101 1668 1184 nullo,

819 1226 883 1271 non
904 1204 974 1272 acie
997 1203 1114 1290 compti
1136 1202 1230 1270 solito
1252 1204 1390 1274 clamore
1412 1203 1529 1274 Latini.

820 1329 883 1378 non
904 1308 982 1376 tuba
1003 1307 1177 1392 belligeros
1199 1306 1313 1374 cecinit
1335 1307 1486 1392 clangore
1511 1309 1667 1382 tumultus

819 1411 999 1498 praeceptis
1022 1417 1167 1478 contacta
1189 1409 1297 1494 ducis,
1322 1431 1386 1478 non
1407 1411 1510 1480 ardua
1531 1433 1658 1497 pugnae

820 1517 915 1602 signa
936 1516 1015 1583 locis
1039 1523 1179 1584 statuere
1202 1515 1280 1582 suis.
1326 1515 1488 1602 incompta
1508 1537 1566 1604 per
1588 1517 1714 1600 hostes,

819 1621 900 1704 heu,
927 1620 1011 1688 male
1033 1619 1094 1686 fisa
1115 1638 1230 1692 manus
1252 1618 1328 1692 fatis
1351 1620 1497 1694 currebat
1518 1621 1647 1706 iniquis.

818 1724 929 1790 territa
951 1729 1116 1790 cessemnt
1136 1722 1238 1808 primo
1261 1722 1433 1792 certamine
1455 1730 1538 1800 retro

818 1827 949 1914 agmina
970 1825 1207 1902 Marmaridum,
1256 1827 1399 1912 sequitur
1420 1828 1564 1898 Romana
1585 1828 1749 1913 iuventus,

818 1951 934 2017 aspera
955 1951 1019 1998 non
1041 1930 1149 1998 densis
1171 1931 1367 2017 permiscens
1388 1932 1512 2017 proelia
1533 1933 1617 2000 telis.

820 2055 951 2122 corpora
973 2040 1134 2102 certamen
1155 2033 1335 2120 fugientum
1358 2034 1495 2102 conserit
1516 2036 1619 2112 hastis

819 2159 876 2224 per
898 2156 1028 2223 campos
1050 2137 1188 2208 Latiaris
1211 2157 1324 2224 eques,
1351 2138 1484 2224 figitque
1507 2140 1703 2224 premitque,

820 2249 853 2318 11
874 2241 994 2326 subigit
1015 2240 1115 2310 victos
1137 2241 1220 2316 inter
1242 2242 1335 2314 timor
1356 2243 1403 2310 ire
1426 2244 1576 2313 camelos.

906 2352 939 2413 at
960 2345 1074 2432 procul·
1093 2345 1288 2432 armipotens
1310 2346 1455 2420 munibat
1476 2347 1570 2432 signa
1591 2348 1751 2422 Iohannes

820 2450 931 2524 ordine
953 2456 1068 2518 cuncta
1089 2470 1166 2532 suo,
1192 2448 1362 2534 fossasque
1385 2459 1418 2518 et
1439 2459 1546 2524 castra
1568 2452 1667 2526 locari

821 2554 1039 2640 praecipiens,
1066 2553 1257 2628 servandam
1280 2561 1402 2624 tanturn
1425 2556 1465 2620 ob
1487 2553 1626 2628 fluminis
1649 2555 1768 2624 undam

820 2664 958 2726 rectores
980 2657 1130 2730 iuvenum
1153 2657 1252 2726 fortes
1274 2679 1418 2744 pugnare
1441 2659 1582 2730 iubebat.

711 2775 716 2790 ·
820 2780 1027 2846 composuere
1049 2760 1147 2828 acies.
1194 2761 1341 2832 ossuum
1364 2762 1449 2834 latus
1472 2762 1543 2847 ipse
1566 2763 1697 2832 tenebat

820 2864 957 2946 Casina,
983 2865 1135 2950 Massylis
1158 2873 1288 2951 saeptus
1309 2865 1446 2950 telisque
1468 2866 1608 2950 Latims,

818 2969 1006 3042 Fronimuth
1028 2969 1113 3038 hunc
1134 2969 1240 3052 iuxta,
1266 2970 1417 3040 Romanis
1440 2969 1531 3038 fortis
1553 2971 1587 3042 in
1610 2969 1729 3052 amnis,

820 3078 852 3138 et
874 3072 939 3138 dux
961 3073 1018 3140 ille
1040 3079 1170 3159 potens,
1197 3072 1285 3140 felici
1306 3074 1432 3144 nomine
1455 3081 1600 3159 comptus

819 3175 977 3260 ductoris,
1004 3176 1126 3258 senior,
1153 3176 1232 3246 felix
1254 3197 1317 3242 non
1335 3184 1440 3258 sorte,
1466 3177 1637 3246 Iohannes.

819 3286 853 3346 at
873 3281 1001 3354 laevum
1023 3286 1155 3347 tenuere
1177 3281 1262 3348 latus
1284 3281 1484 3348 Putzintulus
1505 3281 1637 3365 ingens,

820 3381 971 3449 Geisiritb
994 3383 1174 3456 arcitenens
1197 3389 1230 3458 et
1251 3384 1346 3456 celsis
1369 3383 1497 3462 Sinduit
1517 3385 1625 3460 armis.

818 3488 888 3573 ipse
910 3489 979 3562 loco
1001 3487 1128 3556 medius
1150 3487 1316 3558 ductorum
1338 3489 1496 3564 maximus
1517 3497 1627 3564 auctor

818 3592 942 3675 stabat,
968 3591 1054 3661 etin
1076 3611 1202 3660 cassum
1226 3592 1329 3666 socios
1352 3611 1496 3660 sermone
1519 3594 1683 3668 monebat,

817 3697 882 3761 iam
905 3695 971 3762 fato
993 3694 1196 3768 incumbente
1217 3695 1320 3780 gravi.
1367 3717 1461 3780 quem
1484 3697 1615 3768 Tarasis
1637 3705 1711 3764 ante

819 3799 996 3876 condensas
1018 3799 1160 3884 peditum
1182 3799 1313 3884 cingens
1336 3800 1472 3874 umbone
1494 3800 1673 3886 phalanges

818 3903 921 3976 veloci
943 3903 1098 3974 volitabat
1120 3922 1217 3988 equo,
1244 3909 1428 3988 tumrasque
1450 3905 1595 3988 perabat.

902 4007 1034 4078 nuntius
1055 4008 1178 4082 interea
1200 4006 1287 4076 venit
1309 4008 1394 4080 celer
1416 4028 1490 4080 ecoe
1513 4008 1684 4092 magistro,

818 4111 960 4180 turbatos
983 4111 1090 4178 hostes
1112 4110 1254 4182 referens
1276 4110 1340 4186 iem
1363 4111 1448 4178 victa
1469 4131 1526 4197 per
1548 4131 1644 4195 agros

817 4223 941 4282 vertere
963 4222 1055 4300 terga
1076 4215 1166 4298 fuga.
1213 4216 1355 4282 sednon
1377 4216 1428 4282 bis
1450 4216 1581 4286 vocibus
1603 4215 1693 4286 illum

817 4317 949 4388 consilio
971 4316 1098 4388 iuvenis
1120 4317 1222 4382 valuit
1243 4316 1405 4402 depellere
1427 4319 1521 4394 iusto,

817 4441 907 4490 mens
930 4421 1060 4486 immota
1082 4419 1152 4492 fuit.
1200 4419 1259 4488 sed
1281 4441 1344 4488 non
1366 4421 1412 4486 sic
1434 4422 1524 4488 iussa
1545 4422 1700 4490 tremendi

817 4544 901 4592 nuno
923 4525 1053 4590 voluere
1076 4523 1139 4590 dei.
1186 4531 1386 4595 cunomntcm
1409 4527 1496 4594 bella
1518 4527 1624 4594 subire

817 4627 968 4712 armigeri
991 4647 1121 4694 suasere
1144 4628 1273 4709 ducem,
1300 4628 1491 4698 fortissimus
1513 4630 1588 4698 olim

674 4757 721 4796 ms
817 4732 957 4798 Ariarith
980 4739 1012 4804 11
1034 4731 1130 4817 Ziper
1152 4732 1282 4813 melior,
1309 4731 1372 4806 duo
1394 4733 1534 4798 maxime
1555 4734 1633 4801 belli

435 4885 843 4893 m--a--a

499 4959 732 5022 490111111111,
753 4974 822 5009 nunc
844 4961 864 5008 T
948 4962 1070 5010 inuentus
1088 4963 1116 5010 ia
1133 4961 1245 5010 iubentis
1265 4963 1276 5008 l
1295 4975 1331 5008 m.
1350 4963 1475 5012 matutam
1497 4961 1518 5008 T
1620 4960 1666 5016 501
1687 4963 1778 5024 compti
1797 4961 1884 5020 Musa,
1906 4965 1974 5010 contl
2000 4964 2022 5010 T

431 5049 502 5096 solito
516 5047 542 5108 T,
563 5049 646 5096 subito
659 5047 736 5096 Mass.
842 5047 892 5096 502
909 5046 1060 5108 glongoreT
1162 5045 1382 5108 suspeetior
1402 5091 1411 5106 ,Ἴ
1483 5046 1830 5109 50511111οω,111111
1933 5047 1983 5098 508
2004 5064 2055 5097 non

430 5134 515 5182 densis
538 5133 564 5195 T,
585 5134 716 5182 condensis
735 5133 811 5181 fduaz.
919 5131 968 5181 510
987 5133 1104 5194 fugitque
1124 5133 1145 5178 T
1249 5131 1296 5181 511
1317 5133 1411 5192 subigit
1428 5133 1515 5194 Balsio„
1541 5134 1675 5182 subicitT
1779 5132 1828 5183 513
1846 5139 1873 5181 at
1889 5133 1949 5182 odd.
1972 5134 2055 5184 Muza.

431 5218 479 5268 511
499 5220 645 5268 seruandam
664 5225 763 5268 tantum
783 5219 872 5281 Mara,
899 5219 1050 5268 seruandum
1068 5224 1103 5266 tm
1127 5218 1154 5278 Τ,
1175 5224 1274 5267 tantum
1292 5219 1439 5267 seruandam
1458 5220 1531 5270 ueta.
1673 5219 2054 5282 515111111111111111111111..

429 5295 514 5366 ho'stes
532 5320 656 5368 opugnare
678 5306 705 5366 Τ,
726 5306 809 5356 bostar
827 5319 970 5368 expugnare
990 5305 1068 5354 Maza.
1184 5304 1232 5354 517
1252 5307 1336 5354 coslna
1354 5306 1489 5354 masiliaT
1601 5305 1651 5358 518
1669 5306 1797 5372 froalmltb
1819 5307 1840 5358 Τ
1943 5310 2014 5356 iusta
2035 5308 2057 5354 T

430 5391 479 5442 520
497 5393 605 5452 ductoris
615 5431 620 5456 ,
642 5394 738 5452 senior,
759 5393 822 5440 fellx
839 5393 939 5454 scripsi,
959 5394 1055 5440 litterae
1072 5406 1153 5440 omnes
1172 5392 1299 5442 interduo
1317 5397 1340 5440 et
1357 5393 1421 5441 folla
1439 5395 1531 5454 positae
1550 5396 1600 5442 lom
1619 5391 1801 5442 Marmarata
1818 5397 1924 5453 tenpore
1942 5397 2057 5444 tinctum

428 5477 536 5542 quodam
554 5478 644 5536 1111111
663 5483 734 5528 crant
752 5481 778 5528 la
795 5477 877 5527 codice
896 5478 926 5540 T,
946 5479 1033 5528 ductor
1051 5486 1105 5526 erat
1121 5479 1243 5542 puditum,
1264 5480 1326 5529 felix
1346 5479 1435 5540 Musa,
1454 5479 1496 5530 scd
1513 5480 1548 5541 cf.
1565 5480 1582 5528 1
1588 5479 1608 5526 V
1624 5481 1683 5528 516.
1709 5479 1744 5534 VI
1759 5481 1810 5530 cc?
1932 5479 1979 5529 etl
2003 5482 2058 5530 lae-

429 5580 491 5616 uum
507 5565 596 5625 Moza,
617 5565 740 5614 lellumT
842 5566 1044 5616 butzuntnluaT
1150 5565 1198 5616 522
1217 5567 1364 5628 grislrlth
1470 5566 1571 5616 Sindult
1583 5568 1675 5626 scripti,
1695 5566 1780 5616 ludult
1795 5565 1825 5627 T,
1845 5566 1948 5614 inclitus
1962 5565 2056 5628 dqua,

428 5651 469 5700 sed
486 5650 521 5712 cs,
548 5652 610 5700 VIII
626 5653 675 5700 cut
793 5650 842 5700 528
861 5654 978 5712 magistre
997 5651 1114 5706 dubitans
1133 5653 1220 5714 Beleia,
1241 5655 1357 5716 magister
1377 5653 1397 5704 T
1512 5651 1562 5704 510
1580 5653 1619 5702 hla
1639 5651 1726 5711 Muza,
1747 5653 1768 5700 ls
1789 5652 1809 5700 T
1925 5651 1977 5708 5111
1997 5667 2058 5706 sua-

427 5737 527 5788 (1111Τ
632 5737 827 5788 5351111111Τ
1069 5718 1077 5728 ’
