4576 6428
407 436 425 497 2
1056 503 1060 510 .
1136 431 1315 490 msuoam

408 623 492 688 inter
514 625 595 689 alios
618 624 787 690 sublimem
803 631 898 709 atque
915 625 1099 710 expeditum
1116 626 1246 706 Lucam,
1272 634 1340 691 arte
1360 627 1530 710 medicum,
1557 626 1693 711 apostoli
1710 627 1802 690 Pauli
1818 626 2037 710 discipulum'.

327 749 328 754 ¹
361 731 379 788 4
408 727 477 807 Ego
506 748 643 810 namque
673 728 812 792 iubentis
841 728 977 811 imperio
1007 729 1230 794 oboedientiae
1257 731 1413 794 cervicem
1437 731 1645 810 submittens,
1680 751 1763 812 qrrrto
1787 731 1986 794 obvenerunt
2006 730 2041 793 in

405 831 548 912 partibus
578 832 738 896 Africanis
768 832 1040 916 debacchantibus
1067 833 1211 896 Arrianis
1242 834 1360 897 sensim
1392 834 1592 916 breviterque
1623 833 1766 897 indicare
1795 834 1974 918 temptabo,
2008 839 2041 897 et

406 934 499 1014 quasi
522 934 701 1000 rusticanus
723 935 888 1018 operarius
911 934 1098 1016 defatigatis
1122 937 1207 1000 uluis
1230 957 1343 1000 aurum
1367 938 1517 1019 colligam
1541 937 1581 1002 de
1604 937 1705 1002 antris
1728 938 1872 1018 occultis,
1899 936 2039 1020 speciem

405 1058 481 1102 vero
502 1037 608 1103 adbuc
631 1039 812 1104 sordentem
835 1046 932 1120 atque
955 1038 1119 1103 confusam
1144 1060 1206 1102 non
1229 1039 1401 1106 cunctabor
1423 1040 1552 1104 artificis
1576 1040 1694 1104 iudicio
1709 1040 1777 1122 igni
1791 1039 2037 1105 examinandam
2059 1059 2071 1096 r,

406 1141 603 1224 contradere,
630 1143 684 1223 qni
708 1140 900 1206 monetarios
924 1141 1025 1225 possit
1047 1143 1168 1206 solidos
1191 1143 1360 1226 picturare.

1016 1421 1424 1428 -—-·--.--..---..-.‚.—.——

1049 1711 1184 1794 LIBER
1212 1710 1395 1793 bulbus

364 1923 376 1981 l
494 1917 519 1982 1.
545 1917 796 2000 Sexageusimus
811 1937 905 2000 nunc,
932 1925 967 1981 ut
988 1919 1109 1982 clarum
1133 1924 1192 1998 est,
1219 1919 1326 2000 agitur
1347 1939 1450 1983 annus
1473 1939 1513 1982 cx
1537 1939 1575 1982 eo
1595 1940 1657 2000 quo
1673 1920 1811 2003 populus
1827 1919 1882 1984 ille
1899 1919 2038 1983 crudelis

406 2041 444 2084 ae
467 2040 583 2085 saevus
607 2020 815 2084 Waudalieae
837 2021 943 2102 gentis
966 2021 1095 2084 Africae
1119 2021 1312 2085 miserabilis
1328 2021 1448 2103 attigit
1464 2022 1560 2103 lines,
1587 2023 1800 2086 transvadans
1822 2021 1910 2086 facili
1932 2028 2038 2086 traus-

406 2125 452 2190 itu
482 2145 539 2208 per
567 2123 734 2206 angustias
763 2121 878 2204 maris,
911 2123 996 2204 quod
1025 2124 1107 2188 iuter
1137 2124 1326 2208 Hispaniam
1354 2124 1559 2207 Africamque
1589 2145 1708 2206 aequor
1737 2126 1796 2188 boc
1826 2146 1974 2206 nragnum
2006 2131 2038 2188 ot
2060 2141 2087 2180 ιο

362 2230 380 2288 ’2
408 2227 583 2310 spatiosum
607 2224 761 2290 bissenis
784 2225 913 2291 milibus
928 2234 1065 2308 angusto
1082 2247 1116 2290 so
1132 2227 1234 2291 limite
1250 2228 1415 2291 coartavit.
1463 2227 1639 2291 Trarrsiens
1662 2228 1759 2310 igitur
1781 2228 1942 2310 quantitas
1965 2227 2038 2291 uui-

382 2339 383 2344 ’
407 2349 501 2395 versa
524 2328 700 2394 calliditate
724 2328 879 2393 Gciserici
903 2329 1011 2410 ducis,
1039 2336 1073 2394 ut
1095 2329 1213 2393 famam
1237 2349 1314 2394 strae
1338 2330 1514 2395 terribilem
1538 2330 1658 2394 faceret
1680 2331 1802 2412 gentis,
1830 2330 1904 2394 ilico
1928 2331 2038 2394 statuit

406 2453 531 2497 omnem
555 2432 790 2497 multitudinem
814 2431 985 2512 numerari,
1013 2431 1178 2514 usquead
1202 2432 1289 2496 illam
1317 2432 1401 2496 diem
1425 2453 1520 2516 (ruam
1544 2433 1619 2497 lruic
1642 2434 1706 2497 luci
1729 2441 1837 2497 uterus
1853 2433 2037 2516 profuderat

406 2536 536 2600 ventris.
585 2535 646 2612 Qui
669 2534 786 2618 reperti
812 2540 1019 2612 samsones,
1051 2534 1204 2616 iuvenes,
1237 2535 1383 2618 parvuli,
1417 2536 1501 2600 servi
1523 2536 1575 2601 vcl
1600 2535 1737 2612 domini,
1764 2536 1924 2617 octoginta
1945 2536 2036 2598 milia

407 2638 575 2702 numerati.
624 2637 714 2714 Quae
736 2636 844 2720 opinio
868 2636 1053 2719 divulgata,
1080 2638 1235 2719 usquein
1258 2637 1445 2702 hodiernum
1469 2660 1489 2702 a
1511 2638 1727 2704 nescientibus
1749 2646 1940 2703 armatorum
1964 2645 2035 2702 tan-
2058 2656 2086 2695 ιι

363 2744 381 2804 3
407 2749 459 2806 tus
480 2760 632 2806 numerus
655 2739 853 2820 aestimatur,
879 2759 950 2804 eum
975 2740 1017 2804 sit
1037 2759 1121 2804 nune
1144 2739 1281 2821 exiguus
1305 2747 1337 2805 et
1358 2741 1513 2806 infirmus.
1555 2741 1759 2806 Invenientcs
1774 2741 1873 2824 igitur
1887 2748 2035 2826 pacatam

407 2845 610 2928 quietamque
632 2843 848 2927 provinciam,
883 2843 1119 2927 speciositatem
1142 2843 1239 2908 totius
1263 2852 1367 2909 terrae
1389 2844 1531 2910 florentis
1553 2864 1829 2927 quaquaversum,
1862 2844 2037 2928 impietatis

405 2948 589 3032 agminibus
617 2947 832 3031 impetebant,
867 2946 1066 3011 devastando
1096 2947 1391 3031 depopulabantur,
1424 2947 1571 3013 incendio
1602 2955 1698 3030 atquc
1729 2947 1908 3012 homicidiis
1937 2954 2036 3028 totum

407 3051 669 3116 exterminantes.
716 3048 781 3114 Sed
812 3069 871 3113 nec
900 3048 1039 3114 arbustis
1069 3049 1241 3114 fructiferis
1270 3051 1397 3115 omuino
1426 3051 1614 3134 parcebant,
1652 3069 1692 3114 ne
1726 3050 1805 3114 forto
1835 3070 1914 3132 quos
1943 3058 2035 3115 antra

407 3152 559 3217 montium
583 3159 639 3218 aut
660 3158 833 3235 praerupta
854 3158 1010 3217 terrarum
1033 3153 1085 3217 vel
1109 3153 1236 3216 seclusa
1258 3173 1404 3235 quaeque
1427 3155 1675 3235 occultaverant,
1706 3160 1777 3238 post
1800 3173 1907 3216 eorum
1931 3160 2037 3216 traus-
2057 3171 2087 3211 ao

406 3255 484 3320 itum
508 3255 574 3319 illis
596 3255 724 3339 pabulis
746 3254 941 3320 nutrirentur
950 3281 955 3340 ς
991 3260 1023 3320 et
1046 3255 1091 3320 sic
1115 3254 1228 3320 eadem
1252 3262 1347 3338 atque
1370 3256 1484 3320 iterum
1507 3256 1564 3321 tali
1587 3257 1777 3322 erudelitate
1801 3255 1961 3336 furentes,
1995 3256 2036 3319 ab

362 3365 380 3422 4
408 3379 516 3424 eorum
549 3357 736 3440 contagione
767 3358 876 3423 nullus
906 3358 1058 3423 remansit
1082 3360 1171 3423 locus
1193 3358 1343 3422 inmunis.
1391 3359 1584 3424 Praesertim
1607 3360 1639 3424 in
1663 3359 1810 3424 eeclesiis
1832 3359 2036 3440 basilicisque

408 3468 608 3540 sanctorum,
641 3461 816 3544 cymiteriis
844 3461 896 3525 vel
925 3461 1127 3526 monasteriis
1154 3461 1342 3526 sceleratius
1373 3462 1575 3543 saeviebant,
1614 3468 1648 3527 ut
1675 3462 1848 3526 maioribus
1876 3461 2036 3525 incendiis

407 3564 520 3629 domus
543 3563 693 3628 orationis
715 3563 819 3646 magis
842 3583 936 3645 quam
960 3565 1055 3630 urbes
1078 3572 1255 3645 cunctaque
1278 3564 1396 3649 oppido
1418 3571 1665 3629 concremarent.
1715 3564 1774 3628 Vbi
1798 3564 1878 3628 forte
1901 3583 2035 3627 venera-

407 3665 482 3730 bilis
504 3666 599 3730 aulae
623 3667 751 3731 clausas
774 3673 981 3750 reppererant
1001 3674 1127 3752 portas,
1161 3667 1304 3731 certatim
1335 3667 1451 3730 ictibus
1474 3667 1666 3731 dextralium
1690 3666 1811 3730 aditum
1835 3665 2031 3745 reserabant,
2055 3682 2085 3723 rr,

408 3776 443 3832 ut
471 3776 555 3834 reete
589 3775 664 3834 tuno
694 3768 868 3834 diceretur:
909 3770 1028 3852 quasi
1058 3770 1098 3832 iu
1128 3770 1238 3834 silva
1267 3770 1471 3852 lignorum
1503 3769 1715 3834 securibus
1745 3766 2036 3831 consciderunt

406 3871 555 3936 ianuas
584 3871 673 3936 eius
703 3871 743 3936 in
774 3871 814 3936 id
842 3871 990 3956 ipsum:
1025 3873 1063 3936 in
1087 3872 1223 3936 securi
1246 3879 1284 3936 et
1307 3871 1420 3936 ascia
1444 3871 1684 3937 deiecerunt
1706 3891 1805 3935 cam:
1840 3870 2036 3934 incende-

477 4062 517 4124 26)
539 4060 614 4116 Psal.
636 4063 677 4126 73,
698 4064 713 4112 o
733 4067 762 4116 et
781 4063 805 4112 7.

479 4357 489 4405 1
513 4358 603 4405 ercam
614 4373 647 4419 p:
668 4359 780 4417 magistri
799 4357 912 4416 gentium
931 4355 1012 4402 lucem
1027 4354 1133 4412 uuum·
1155 4358 1277 4403 incertum
1288 4353 1384 4401 videtur
1395 4367 1457 4402 nam
1469 4372 1508 4402 vv.
1525 4367 1587 4413 mag.
1603 4355 1718 4414 gentium
1730 4367 1758 4401 ea
1771 4356 1852 4414 plosro
1864 4357 1999 4416 marginali
2011 4360 2037 4403 br

408 4450 501 4492 textum
512 4446 622 4492 venerint
634 4459 669 4491 oo
677 4449 732 4504 post
746 4444 817 4491 Pauli
830 4440 1013 4502 transponendo
1027 4445 1076 4488 sint
1163 4441 1233 4489 Pauli
1248 4440 1353 4488 BLRV:
1368 4441 1437 4487 Pauli
1451 4442 1563 4500 gentium
1576 4441 1681 4488 doctoris
1692 4456 1709 4500 p
1722 4445 1744 4488 et
1757 4443 1830 4500 culpo
1933 4442 1948 4490 2
1969 4457 2038 4490 nem-

408 4544 550 4591 queom.p
655 4513 818 4578 {lubricante
835 4528 861 4589 V,
882 4528 979 4575 Africae
991 4530 1066 4586 culpo
1153 4526 1638 4587 debaccantibnsBllp,debachantibus
1656 4527 1676 4574 V
1761 4529 1864 4576 arrianis
1877 4531 1911 4576 eie
1923 4533 1971 4577 met
1982 4529 2036 4576 nbi·
2113 4571 2114 4576 ,

408 4613 923 4678 ιιιιιοιιηιι1ιιρ11άι(ι1ι31).ιιιι’.οιιι.11)Ἰ
1001 4614 1112 4661 temtabo
1123 4606 1160 4674 Bp
1265 4613 1441 4661 fructicemus
1455 4611 1537 4658 BLV:
1553 4615 1661 4660 rnstlcus
1676 4609 1741 4674 lrp'
1812 4615 1951 4675 defatigans
1965 4615 2038 4663 ulum

408 4703 447 4764 Rp
551 4705 566 4750 5
585 4703 754 4751 sordidantem
770 4716 788 4762 p
893 4701 995 4748 artificis
1006 4699 1099 4747 indicio
1112 4700 1164 4759 igni
1176 4699 1231 4759 up:
1251 4700 1339 4747 artlflcl
1353 4699 1443 4747 indicio
1457 4700 1523 4757 iguis
1545 4700 1619 4759 (ignis
1632 4701 1724 4748 iudicio
1737 4701 1767 4762 L)
1788 4701 1871 4757 BLV‚·
1890 4701 1925 4761 ef.
1943 4701 2035 4750 Psolm.

409 4793 450 4850 65,
470 4794 500 4838 10
513 4792 570 4848 igue
583 4803 626 4836 nos
638 4788 797 4850 examinasti,
813 4788 878 4835 siout
891 4788 1049 4852 examinatur
1061 4791 1204 4846 argeutum,
1223 4786 1281 4835 ibid.
1300 4789 1339 4844 11,
1356 4788 1370 4832 7
1475 4785 1491 4833 6
1511 4788 1662 4833 rnonetnrms
1676 4785 1810 4834 Mommsen
1915 4789 2037 4850 picturare

411 4876 517 4923 uultu:
536 4877 692 4935 efformarep
706 4880 727 4922 et
739 4875 813 4933 culpo
917 4873 932 4922 8
951 4868 1153 4936 sexagensimus]
1172 4874 1206 4918 rie
1219 4872 1240 4918 B
1252 4878 1310 4920 orote
1321 4887 1436 4920 rasurum
1540 4887 1571 4920 ex
1585 4887 1613 4920 co
1626 4886 1674 4933 qno
1687 4873 1723 4919 a:
1744 4887 1775 4920 ex
1789 4888 1818 4919 co
1830 4874 1884 4933 ΒΥ,
1900 4889 1932 4920 ex
1945 4889 1993 4935 quo
2006 4877 2036 4934 L,

409 4974 459 5022 qno
468 4976 486 5022 p
590 4959 800 5008 bruneudnlorum
813 4959 851 5021 Rp
955 4960 1111 5006 miserabiles
1123 4957 1162 5018 up
1266 4957 1431 5006 treusundone
1445 4958 1473 5017 L,
1488 4959 1653 5006 trausuadans
1665 4958 1696 5020 a,
1711 4960 1752 5005 red
1764 4963 1937 5008 estromenta
1949 4973 2037 5008 aratro

409 5051 471 5095 aul
580 5047 610 5096 10
629 5047 693 5108 quod
707 5045 791 5092 Bau:
811 5060 873 5106 qnae
886 5045 916 5107 L,
936 5059 985 5106 quo
995 5060 1023 5105 p,
1043 5045 1193 5106 quecuipo,·
1214 5045 1278 5104 qnod
1291 5048 1326 5091 eet
1338 5047 1477 5093 coniunctio
1582 5050 1608 5092 et
1622 5058 1701 5105 orrup
1808 5045 1835 5094 ll
1857 5047 1936 5094 limite
1949 5062 1975 5095 se
1985 5062 2003 5106 p

410 5131 767 5192 cobrrtmritli,roerctanltp
853 5130 1066 5179 uniuersitetlsl'
1165 5129 1358 5189 tageysniera
1444 5131 1583 5180 terribilem
1595 5131 1691 5180 euseb
1791 5131 1915 5193 illusque
1928 5133 1957 5179 ed
1970 5133 2037 5180 illem

409 5219 476 5266 diem
495 5233 568 5281 quum
589 5219 672 5279 (quem
685 5217 762 5279 trau)
784 5218 843 5265 lruio
860 5218 911 5264 luci
930 5216 1047 5276 uturp,
1068 5230 1142 5279 quem
1161 5216 1220 5264 bule
1238 5217 1287 5263 lnoi
1307 5216 1336 5264 ed
1356 5218 1424 5264 illam
1443 5231 1525 5279 usque
1543 5217 1611 5266 diem
1628 5219 1703 5278 culpo
1809 5217 1840 5266 14
1859 5219 1900 5265 nel
1918 5232 1965 5267 om.
1985 5219 2005 5266 V

413 5305 444 5354 15
462 5319 526 5367 quae
543 5305 627 5367 opinio
645 5304 767 5364 uturp:
787 5318 835 5366 que
852 5305 970 5366 opinione
988 5304 1078 5362 vulpo,·
1097 5301 1132 5362 cs.
1152 5302 1209 5353 Iud.
1224 5302 1264 5351 Ν
1280 5317 1300 5351 s.
1320 5319 1343 5350 v.
1365 5303 1501 5364 Porttcfpr'n
1519 5304 1629 5352 obtelmo
1733 5303 1877 5351 hodiernum
1896 5303 1961 5350 dicm
1986 5304 2006 5349 V

410 5387 623 5456 enesclentibns]
641 5404 765 5451 ancepsp
872 5388 901 5438 17
921 5390 1072 5451 proulutiem
1094 5389 1139 5437 th
1242 5403 1462 5451 quaqueuersnnm
1480 5389 1560 5437 BRV¹
1667 5389 1697 5437 18
1716 5390 1872 5450 impetebant
1888 5404 1920 5450 p:
1940 5392 2038 5450 impen-

411 5476 611 5526 debantBLliV
694 5477 877 5537 populebentnr
895 5475 979 5538 Vltio)
1087 5475 1118 5524 lb
1136 5477 1237 5524 omuino
1249 5475 1355 5524 BLRV:
1369 5477 1571 5538 omnimodepet
1583 5477 1657 5534 volpe
1743 5474 1830 5522 attali
1928 5472 1961 5521 20
1980 5489 2037 5536 pre·

410 5563 552 5625 rumptal'
653 5559 683 5610 21
706 5562 807 5610 nlllsV
910 5561 1094 5610 crudelitatlff
1198 5564 1312 5610 furentes
1332 5563 1415 5610 111111,Ι
1443 5564 1585 5611 furentibus
1605 5562 1642 5622 lrp
1747 5559 1779 5608 23
1798 5561 1935 5618 cymiteriis
1954 5561 2035 5608 uut':

411 5652 542 5699 cimiteriis
560 5649 597 5709 up
701 5645 741 5714 ut]
760 5656 786 5698 et
803 5649 899 5696 cumL
1022 5648 1053 5697 tl
1071 5649 1159 5696 domus
1179 5649 1240 5696 BR:
1266 5651 1350 5696 domos
1370 5650 1431 5710 LVp
1552 5647 1583 5698 25
1604 5652 1747 5708 repererant
1764 5663 1789 5706 p,
1816 5648 2003 5707 repereruutL

411 5737 444 5787 26
462 5736 611 5785 exciderunt
635 5735 735 5782 Vrolar
754 5740 775 5781 et
793 5736 896 5796 Valpoto
1001 5733 1032 5782 at
1052 5736 1171 5783 essclali
1276 5750 1329 5783 eem
1349 5735 1388 5796 Rp
1406 5742 1427 5783 et
1446 5736 1565 5794 Valpoto:
1585 5748 1614 5780 ee
1633 5734 1702 5780 BLV
