4508 6434
821 417 1051 471 IOHANNIDOS
1071 418 1140 472 LlB.
1162 418 1213 471 111.

596 602 739 668 fervidus
762 605 866 669 omnis
890 611 970 670 erat.
1018 606 1112 672 siccis
1131 610 1302 698 puarserat
1323 604 1420 669 ardor

597 704 761 787 saucibus,
789 713 821 772 et
840 707 959 773 nimius
981 709 1116 774 miserus
1138 715 1352 773 commoverat
1374 713 1494 772 aestus.

595 808 676 873 forte
699 809 769 874 sitis
791 809 946 892 quosdam
970 810 1097 894 gelidas
1120 809 1254 875 deduxit
1276 809 1318 874 ad
1341 809 1456 873 undas.

595 918 669 996 pcst
689 919 814 994 tergum
837 913 962 979 rediere
984 913 1055 979 viri.
1102 933 1176 978 nam
1200 912 1328 996 longius
1351 911 1456 976 amnis
1519 898 1523 904 ’

596 1022 670 1080 ωηο
692 1017 814 1081 aberat.
863 1017 976 1100 plenus
999 1017 1169 1100 portabant
1189 1015 1330 1081 fontibus
1354 1023 1440 1080 utres

597 1119 675 1184 baut
697 1119 806 1202 procul
829 1119 905 1184 inde
928 1141 1009 1184 cava
1031 1126 1214 1204 spectantes
1238 1119 1323 1185 valle
1346 1118 1495 1184 ministri.

596 1221 717 1305 primus
739 1228 775 1287 ut
796 1220 955 1287 infaustas
978 1222 1166 1306 contingens
1189 1221 1355 1288 Vandalus
1379 1221 1482 1287 undas

597 1323 742 1388 laudavit
765 1343 910 1389 cessasse
933 1323 1037 1405 sitim,
1064 1330 1140 1389 ωηο
1163 1331 1269 1389 cetera
1292 1344 1386 1390 eursu

597 1426 639 1491 ad
663 1427 775 1492 latices
797 1427 861 1492 iarn
884 1427 979 1493 turba
1002 1427 1073 1492 cuit.
1122 1427 1168 1492 sic
1190 1427 1258 1492 tata
1278 1427 1466 1507 trabebant,

453 1551 500 1588 πο
598 1529 644 1595 sie
667 1528 794 1595 fortuna
816 1549 935 1595 nocens
959 1529 1169 1596 damnaverat
1191 1529 1323 1614 agmina
1346 1531 1419 1596 teto.

597 1633 733 1716 signifer
754 1653 828 1698 ecce
852 1653 949 1718 super
970 1633 1159 1699 mutandum
1182 1633 1313 1699 credere
1335 1634 1462 1718 signum

597 1755 696 1801 ausus
719 1735 759 1801 de
783 1736 915 1800 summis
937 1736 1072 1801 reduces
1095 1737 1245 1801 contorsit
1266 1736 1410 1802 habenas

598 1839 770 1904 montibus.
815 1839 901 1904 bunc
924 1839 1068 1922 sequitur
1089 1839 1198 1905 densis
1221 1839 1381 1905 exercitus
1404 1840 1512 1904 armis.

597 1943 686 2007 invia
708 1949 801 2027 rupta
823 1948 943 2027 patent.
991 1949 1149 2025 quaerunt
1171 1943 1246 2008 dum
1269 1944 1426 2027 prendere
1449 1950 1575 2025 cautes,

599 2053 671 2130 pust
692 2051 818 2128 tergum
841 2044 985 2110 redeunt.
1034 2044 1196 2126 fugientes
1220 2046 1356 2112 credidit
1378 2046 1495 2126 hostis,

599 2154 631 2213 et
653 2167 776 2212 summu
799 2147 839 2213 de
862 2155 968 2213 munte
991 2147 1064 2212 ruit.
1112 2148 1282 2232 perterruit
1303 2168 1413 2214 omnes

598 2269 693 2315 casus
716 2250 825 2316 atille
847 2250 957 2315 duces.
1005 2257 1170 2335 raptantur
1192 2251 1286 2334 signa
1308 2257 1478 2316 retrorsum

599 2373 694 2419 versa
716 2353 805 2437 fuga.
853 2374 916 2417 non
938 2373 1071 2438 campus
1093 2360 1179 2436 crat,
1204 2375 1267 2437 quc
1290 2375 1415 2420 currere
1439 2361 1548 2439 posset

599 2458 681 2523 liber
704 2477 822 2540 equus,
849 2456 996 2540 laxisque
1019 2456 1101 2522 tevis
1124 2457 1274 2523 transiret
1295 2457 1440 2522 habenis.

491 2583 503 2622 c
600 2581 659 2644 per
680 2579 776 2646 rupes
798 2561 1010 2645 scopulusque
1032 2567 1118 2626 metu
1141 2580 1261 2646 perque
1283 2559 1386 2626 ardua
1408 2559 1525 2625 montis

600 2684 680 2728 saxa
701 2663 834 2744 cadunt,
861 2683 996 2746 seseque
1019 2683 1077 2728 suc
1098 2664 1163 2728 iarn
1185 2662 1326 2748 pondere
1349 2671 1507 2745 mergunt.

600 2767 668 2830 tata
690 2773 838 2850 premunt
858 2767 1009 2848 miseros,
1035 2786 1166 2832 currens
1189 2773 1221 2832 et
1242 2767 1366 2833 territat
1387 2766 1505 2848 hostis,
1575 2767 1576 2772 ’

600 2870 692 2935 ardet
713 2876 746 2935 et
766 2869 956 2951 insequitur.
1004 2870 1127 2935 cunetis
1150 2870 1191 2935 de
1213 2871 1495 2954 partibusingens

600 2975 693 3039 turba
715 2971 818 3056 cadit,
846 2991 981 3056 seseque
1004 2973 1070 3038 suis
1093 2993 1151 3057 per
1173 2981 1302 3058 pectora
1323 2973 1397 3038 tetis

601 3073 826 3142 transfodiunt.
875 3076 931 3141 alii
954 3076 1086 3142 veniunt
1107 3077 1142 3141 in
1165 3076 1231 3142 tela
1253 3076 1423 3142 cadentum

600 3179 810 3264 praecipites,
836 3179 918 3244 alins
940 3179 1065 3264 pondus
1089 3180 1184 3245 civile
1206 3181 1344 3263 repellit.

601 3283 648 3348 sic
669 3284 789 3368 pariter
809 3283 938 3348 turbata
960 3289 1054 3348 ruunt
1076 3283 1116 3349 de
1139 3283 1299 3349 montibus
1321 3283 1395 3348 altis

602 3386 733 3468 agmina
754 3386 856 3451 densa
877 3385 993 3451 virum.
1041 3386 1144 3452 mistis
1168 3392 1310 3451 vectatur
1331 3393 1364 3452 et
1386 3386 1484 3451 armis

602 3490 694 3554 fortis
716 3509 831 3573 equus,
859 3489 963 3575 rapidi
983 3489 1122 3555 iactatus
1144 3489 1270 3555 turbine
1293 3508 1423 3568 cursus,

458 3614 506 3652 nc
602 3591 750 3674 aenituit,
776 3599 810 3658 et
831 3592 991 3657 dominum
1015 3599 1106 3657 vasto
1129 3591 1189 3656 sub
1212 3592 1353 3676 pondere
1376 3591 1507 3673 frangit.

603 3716 661 3762 ceu
684 3697 834 3780 glaucam
856 3695 991 3760 veniens
1013 3694 1137 3778 grando
1159 3695 1331 3779 destringit
1353 3695 1486 3775 olivam,

602 3798 725 3864 arboris
748 3798 913 3864 excutiens
935 3818 1089 3863 concusso
1111 3799 1231 3864 vertice
1253 3798 1392 3879 fructus,

601 3910 677 3967 tunc
700 3902 819 3986 pariter
842 3923 996 3987 praeceps
1019 3902 1061 3967 ad
1083 3909 1200 3967 terram
1223 3901 1364 3986 pondere
1386 3900 1486 3965 nimbi

603 4010 635 4070 et
656 4012 746 4071 tener
767 4006 944 4088 excutitur,
969 4011 1140 4088 quassatus
1162 4003 1338 4087 grandine,
1365 4022 1483 4068 ramus.

603 4130 666 4174 non
688 4110 789 4174 virtus
810 4109 941 4173 inimica
962 4107 1064 4190 viros,
1091 4107 1149 4173 sed
1172 4105 1240 4172 fata
1262 4107 1450 4190 premebant

601 4211 728 4296 invida,
754 4232 838 4295 quae
859 4218 981 4277 tantam
1005 4211 1219 4296 properabant
1240 4209 1374 4293 perdere
1397 4217 1538 4293 gentem.

689 4315 763 4380 binc
785 4315 872 4380 acies
895 4315 1057 4380 confracta
1079 4313 1179 4394 redit,
1205 4332 1378 4396 regemque
1400 4319 1607 4392 trementem,

603 4439 757 4483 annorum
780 4419 900 4483 fessum
923 4438 1054 4483 numero
1077 4436 1251 4498 casumque
1274 4421 1443 4500 paventem

604 4521 718 4604 deicit,
745 4529 777 4587 et
799 4527 958 4604 sceptrum
982 4541 1078 4585 saevo
1101 4519 1191 4584 dedit
1211 4519 1287 4584 inde
1310 4525 1456 4602 tyranne.

461 4647 507 4684 wc
604 4632 679 4690 tunc
702 4624 805 4690 doluit
827 4624 976 4709 princeps
999 4623 1125 4707 dirupta
1148 4623 1277 4687 foedere
1300 4622 1411 4705 regni,

604 4733 680 4791 tunc
702 4727 838 4810 Libyam
861 4727 964 4791 solitis
987 4725 1148 4808 quaesivit
1170 4727 1270 4789 ttcma
1292 4724 1475 4809 triumphis.

606 4827 663 4893 sed
685 4829 850 4893 tamenin
875 4827 1000 4893 mcdicc
1024 4828 1187 4911 perierunt
1207 4834 1349 4912 tempore
1372 4827 1475 4892 cladis

606 4930 707 4995 multa
730 4931 820 4996 satis.
869 4930 974 4995 dirum
997 4937 1166 4995 senserunt
1187 4930 1294 4994 omnia
1315 4930 1447 4995 bellum.

606 5053 743 5115 namque
765 5033 848 5099 inter
871 5033 1017 5117 geminas
1040 5051 1152 5117 pressa
1175 5039 1224 5098 est
1245 5039 1321 5098 tunc
1344 5032 1454 5098 Africa
1476 5041 1594 5117 pestes.

606 5137 680 5202 hinc
702 5137 829 5202 fervens
851 5137 988 5219 bellum,
1015 5136 1158 5221 spolians
1180 5136 1296 5221 premit
1318 5136 1394 5202 inde
1416 5144 1583 5230 tyranqus.

606 5241 765 5307 subtrabit
786 5261 806 5305 a
827 5240 953 5306 miseris
976 5240 1083 5304 almae
1105 5238 1234 5304 fortuna
1256 5239 1370 5304 salutis

288 5470 337 5519 227
358 5471 481 5518 nimiost*
579 5466 684 5516 estasT
788 5465 834 5515 231
856 5473 899 5514 aut
916 5467 936 5513 Τ
1031 5471 1171 5528 spettsutcs
1187 5465 1215 5526 Τ,
1236 5470 1349 5527 spectant
1361 5480 1393 5514 er
1407 5465 1505 5514 Lccbm.
1613 5465 1663 5516 232
1683 5469 1845 5518 nandutnsT
1936 5525 1938 5528 ¹

220 5555 269 5604 tau
282 5557 380 5604 credere
396 5555 424 5614 T,
440 5555 540 5604 acedare
552 5555 620 5615 tepet,
635 5553 750 5600 secedere
763 5555 858 5613 scripsit
873 5551 951 5600 Mars.
1024 5551 1070 5601 241
1087 5557 1170 5600 monte
1184 5551 1272 5612 Maza,
1289 5565 1355 5599 mure
1370 5552 1390 5597 Τ
1461 5553 1513 5598 ruit
1525 5551 1612 5613 Haupt
1626 5551 1716 5612 Opere.
1730 5556 1841 5614 111626,

219 5641 320 5702 tugttT
423 5639 472 5689 253
490 5639 642 5686 uettutorT
746 5637 956 5698 assecuraret,
977 5637 1217 5685 corruiditdutttnns
1236 5635 1315 5687 Muza.
1422 5635 1472 5685 256
1490 5638 1612 5696 planctu
1716 5641 1847 5690 utiuuurT

218 5727 268 5776 258
287 5742 389 5790 preceps
408 5726 540 5788 psritch
643 5723 850 5772 astruuntur
955 5723 1005 5773 263
1024 5723 1189 5773 armorumt'
1293 5722 1342 5773 264
1361 5722 1495 5770 deiecitT
1598 5722 1647 5772 265
1667 5725 1804 5787 diruptiT

295 5827 414 5866 Ucnrrrrs.
1624 5827 1640 5878 5
