4546 6420
902 377 1130 434 anoonmnn.
1302 337 1306 344 ’
1771 376 1833 442 vn

193 627 321 692 negans
344 606 542 672 lastinianus
565 604 757 688 Geilamiro,
783 603 839 685 qui
861 602 952 688 pacis
975 600 1177 680 condiciones
1199 617 1310 666 omues
1333 599 1503 682 reiecerat,
1529 600 1651 666 bellum
1673 598 1783 666 intulit
1791 603 1829 678 ⁴).

196 725 416 793 Vandaiorum
439 725 581 791 exercitu
611 723 735 790 duobus
758 722 889 808 proeliis
916 722 1017 804 victo,
1050 741 1127 804 rege
1155 720 1226 805 ipso
1249 719 1426 786 Geilamiro
1457 726 1549 804 capto
1571 725 1673 786 totum
1695 739 1830 804 regnum

196 846 412 912 Vandalieum
434 845 481 910 ita
501 843 637 928 imperio
652 843 809 928 Byzantio
832 841 959 924 adiecit,
987 848 1023 906 ut
1044 839 1231 906 dioeceseos
1253 839 1286 904 in
1309 839 1444 906 sormam
1463 839 1627 905 redactum
1649 839 1684 904 in
1707 847 1830 924 septem

194 966 378 1052 provincias
401 964 575 1031 divideret:
602 960 1166 1045 Zeugitanam,‚0arthuginiensem,
1194 961 1408 1045 Byzacenam,
1436 958 1688 1043 Tripolitanum,
1715 959 1831 1024 Numi-

196 1087 296 1168 diam,
323 1084 569 1166 Mauretaniam,
596 1082 789 1148 Sardiniam.
830 1081 997 1148 Praefecto
1018 1081 1179 1166 praetorio
1201 1080 1342 1163 Africae,
1368 1080 1425 1162 qui
1445 1085 1545 1145 totam
1568 1077 1740 1145 dioecesim
1770 1078 1831 1144 ad-

195 1205 415 1287 ministrabat,
453 1210 485 1268 et
518 1203 721 1283 consulares,
759 1201 814 1284 qui
846 1208 1014 1284 quattuor,
1051 1221 1132 1283 quas
1162 1199 1284 1285 priores
1314 1199 1493 1281 nominavi,
1530 1199 1703 1283 provinciis
1736 1218 1832 1283 prae·

171 1325 343 1408 ¹fuerunt,
381 1330 413 1391 et
445 1329 623 1390 ceterarum
656 1322 752 1388 trium
785 1320 953 1406 praesides
987 1321 1152 1404 parebant.
1207 1322 1360 1386 Armatae
1390 1319 1543 1400 militiae,
1581 1338 1664 1400 quae
1696 1318 1777 1384 lines
1811 1339 1831 1385 a

195 1446 378 1511 Maurorum
401 1442 636 1508 incursionibus
661 1440 871 1522 defendebat,
904 1440 1140 1524 provinciarum
1171 1421 1494 1523 singularum'limiti
1523 1438 1741 1504 adiacentium
1771 1437 1833 1504 du-

195 1584 251 1632 ces
280 1563 499 1650 praefuerunt.
553 1562 600 1627 Ac
628 1560 742 1628 ducem
772 1560 902 1645 quidem
933 1559 1154 1644 Tripolitanae
1183 1558 1366 1643 provinciae
1396 1559 1430 1624 iu
1459 1558 1723 1643 Leptimagnensi
1753 1557 1832 1624 eivi-

194 1691 280 1764 tate,
317 1684 509 1768 Byzacenae
538 1683 666 1766 (lapsae
700 1688 733 1746 et
763 1681 797 1745 in
829 1680 934 1746 altera
968 1680 1085 1764 Lepte,
1122 1678 1296 1744 Numidiae
1330 1673 1576 1760 Constantinae,
1612 1679 1831 1745 Mauretaniae

197 1804 379 1870 Caesareae
412 1803 539 1868 interim
573 1801 669 1867 sedas
702 1801 822 1867 habere
850 1799 1024 1884 imperator
1052 1798 1194 1881 tussiat).
1241 1800 1432 1883 Byzacenae
1454 1798 1638 1883 provinciae
1672 1798 1746 1864 duei
1778 1818 1832 1865 sc·

195 1923 257 1990 des
287 1922 370 1988 duas
399 1921 625 2007 imperatorem
655 1920 803 2000 dedisse,
841 1920 977 1986 alteram
1004 1919 1222 2000 limitaneam,
1260 1918 1453 1985 maritimam
1483 1919 1619 1984 alteram
1648 1919 1831 2003 provinciae

197 2043 294 2109 huius
313 2040 536 2126 magnitudine
552 2041 679 2123 situque
695 2040 863 2125 perpensis
878 2059 941 2104 non
964 2044 1015 2104 est
1036 2037 1122 2122 quod
1144 2038 1306 2104 miremur.
1339 2037 1406 2104 Sed
1421 2038 1548 2123 Leptim
1563 2038 1728 2120 minorem,
1746 2040 1834 2123 qnod

198 2161 388 2248 oppidulum
412 2167 444 2228 et
466 2168 582 2227 natura
603 2179 718 2244 parum
747 2141 917 2225 munitum
936 2165 968 2224 et
995 2155 1120 2226 difficili
1148 2158 1377 2242 navigantibus
1407 2158 1497 2225 aditu
1527 2158 1629 2224 fuisse
1658 2166 1784 2226 constat
1793 2163 1829 2242 Β),

199 2282 318 2348 ceteris
346 2281 476 2366 oppidis
505 2279 676 2346 maritimis
706 2278 898 2364 praetulisse
921 2278 1135 2344 Iustinianum
1166 2278 1257 2344 brevi
1286 2284 1358 2363 post
1387 2278 1557 2363 paenituit.
1604 2279 1717 2362 Neque
1748 2279 1834 2345 enim

197 2401 341 2468 dubitari
364 2407 481 2486 potest,
508 2399 586 2482 quin
608 2398 699 2464 ducis
722 2399 886 2483 Byzaeeui
908 2397 1004 2464 sedes
1025 2399 1061 2463 iu
1084 2399 1193 2465 urbem
1218 2398 1402 2482 provinciae
1425 2398 1740 2484 splendidissimam,
1766 2399 1835 2464 Ha-

200 2521 393 2602 drumetum,
420 2521 577 2587 translata
596 2520 648 2601 sit,
674 2538 758 2601 quae
781 2518 912 2602 egregie
941 2518 1155 2610 alustiniano
1177 2519 1301 2584 munita
1323 2519 1393 2584 eius
1416 2519 1450 2584 in
1471 2519 1623 2598 honorem
1638 2519 1835 2586 Iustiniano-

199 2641 284 2726 polis
307 2642 475 2727 appellata
498 2643 594 2723 emt).
641 2636 833 2704 Hadrumeti
856 2657 940 2703 anno
964 2643 1026 2702 545
1049 2639 1228 2734 Himerium
1250 2638 1385 2723 Byzacii
1407 2639 1521 2705 ducem
1548 2635 1608 2723 (τὸν
1630 2635 1748 2705 πάντων
1773 2631 1834 2726 ἄρ-

198 2785 295 2848 χοντα
317 2766 377 2826 τῶν
401 2764 432 2827 ἐν
457 2758 601 2845 Βυζαντίῳ
626 2761 823 2845 στρατιωτῶν)
857 2759 1062 2825 constitutum
1093 2777 1165 2824 esse
1188 2758 1363 2843 Procopius
1392 2766 1424 2824 et
1445 2757 1604 2844 Corippus
1627 2762 1832 2843 testanturti.

201 2881 349 2947 Eandem
381 2881 493 2946 urbem
522 2879 643 2946 milites
664 2897 775 2945 omnes
798 2879 978 2963 Byzaoeui,
1010 2878 1065 2962 qui
1087 2877 1281 2944 Guntaritho
1303 2878 1432 2945 Africae
1461 2878 1712 2945 dominationem
1743 2898 1837 2945 usur-

198 3007 298 3086 pante
320 3000 417 3066 fidem
439 3000 625 3085 imperatori
655 3004 880 3079 servaverant,
918 3005 1097 3064 tenuerunt.
1142 2998 1317 3064 Etiamtum
1338 3019 1437 3066 unum
1460 2998 1573 3064 ducem
1603 2999 1830 3083 [Marcentiumi

195 3120 337 3204 Byzacio
360 3120 418 3186 toti
440 3119 621 3205 praefuisse
644 3139 663 3185 e
685 3119 831 3203 Procopii
859 3118 1043 3184 narratione
1074 3118 1154 3184 satis
1186 3118 1336 3200 elucetli.
1392 3120 1484 3184 Anno
1514 3126 1622 3185 autem
1651 3118 1833 3202 insequenti

197 3240 333 3324 Byzaeii
355 3240 501 3322 limitem,
529 3240 581 3306 cui
604 3247 636 3306 et
658 3239 700 3304 ab
722 3237 889 3305 occidente
916 3238 984 3303 sole
1014 3244 1046 3303 et
1075 3259 1095 3302 a
1124 3237 1258 3303 meridie
1281 3237 1390 3304 hostes
1411 3239 1638 3321 imminebant,
1672 3241 1834 3307 Iohannes

197 3360 354 3443 magister
376 3361 513 3426 militum
538 3359 664 3426 duobus
686 3357 821 3424 ducibus
845 3356 1089 3423 custodiendum
1111 3357 1255 3423 tradidit.
1287 3358 1483 3424 Iohanuidos
1506 3359 1591 3425 enim
1608 3360 1652 3424 VI
1675 3364 1717 3424 49
1739 3380 1834 3445 prae-

196 3480 283 3545 sidia
306 3500 364 3566 per
385 3480 570 3566 provincias
593 3479 816 3564 disponentem
838 3478 1028 3561 magistrum
1052 3476 1134 3542 haec
1155 3477 1314 3543 dicentem
1338 3477 1416 3543 lucit
1438 3479 1613 3564 corippus:

604 3598 738 3684 Bynaeii
760 3597 899 3681 geminis
922 3597 1059 3663 ducibus
1082 3597 1123 3662 sit
1145 3597 1287 3663 maxima
1310 3617 1386 3663 eura

605 3702 767 3786 Massylas
790 3701 877 3766 acies
901 3701 971 3765 acie
992 3701 1122 3766 turbare
1145 3701 1286 3783 sequaci,

605 3805 753 3870 sollicitis
776 3803 884 3870 tristes
906 3803 1028 3886 gladiis
1051 3823 1188 3887 urguere
1211 3802 1403 3888 phalanges,

606 3915 639 3973 et
656 3907 773 3992 'procul
795 3927 815 3971 a
837 3907 956 3971 nostris
979 3906 1143 3990 expellere
1166 3905 1283 3971 tinibus
1306 3905 1426 3996 hostes.

197 4119 303 4182 apraobe
322 4119 366 4168 des
379 4116 531 4168 Gothisehen
551 4116 668 4165 sibrand
687 4117 730 4164 der
743 4115 798 4165 Zelt
812 4117 895 4164 selues
908 4115 1057 4164 Bestebena.
1079 4115 1196 4176 Marburg
1211 4114 1277 4165 1662
1294 4130 1320 4178 p.
1335 4114 1377 4164 43.
1393 4114 1435 4165 53,
1450 4115 1492 4166 ot.
1508 4115 1549 4166 72.
1566 4117 1598 4166 ῖ8
1617 4123 1643 4166 et
1655 4117 1733 4166 Maur.
1749 4117 1834 4179 Haupt

199 4204 293 4266 Opusc.
309 4203 396 4267 philol.
411 4204 449 4252 lll
461 4217 487 4264 p.
503 4202 561 4252 616.
951 4207 955 4211 ”

293 4289 317 4348 t}
338 4287 786 4338 166111262-2664366-391
809 4288 847 4335 ill
869 4285 968 4337 44-22
988 4287 1056 4358 Proc.
1078 4287 1101 4335 b.
1124 4287 1204 4335 Vand.
1225 4285 1280 4335 19.
1304 4285 1342 4335 10.

289 4377 313 4436 5)
335 4375 395 4424 dod.
417 4377 481 4425 lust.
501 4374 558 4424 127
577 4374 709 4423 deoidcio
727 4375 991 4437 praefectipraetorio
1009 4373 1109 4422 Atticae
1128 4379 1154 4421 et
1172 4372 1203 4421 de
1222 4373 1288 4421 omni
1306 4372 1448 4422 dioeceseos
1466 4380 1535 4423 statu
1557 4374 1578 4424 i.
1600 4373 1624 4424 2.
1657 4375 1834 4434 Enuntiatum,

201 4474 252 4524 qno
271 4467 368 4523 septem
392 4462 533 4524 provinciae
553 4463 730 4518 nominantur,
757 4461 793 4508 aie
817 4459 1022 4508 constituendum
1047 4473 1102 4507 ease
1122 4460 1239 4507 arbitror:
1270 4462 1382 4520 ‘septem
1401 4462 1544 4521 provinciae
1562 4475 1618 4509 oum
1637 4462 1689 4509 suis
1707 4461 1835 4510 iuditibus

202 4547 384 4609 disponantur,
406 4561 512 4608 quarum
532 4547 610 4606 zeum
629 4555 664 4606 et,
684 4559 748 4608 quae
767 4547 951 4609 proconsularis
968 4552 1042 4594 antea
1060 4547 1200 4606 rotabatur,
1224 4545 1343 4606 Carthago
1361 4552 1387 4594 et
1405 4547 1539 4605 Byzacium
1557 4561 1584 4595 ac
1603 4546 1711 4609 Tripolis
1729 4553 1837 4596 rectores

205 4632 315 4681 habeant
334 4633 491 4693 consularea;
519 4633 629 4694 reliquae
648 4645 705 4680 vero
723 4632 748 4680 id
766 4637 806 4680 eat
824 4632 943 4680 Numidia
967 4637 993 4680 et
1011 4631 1166 4680 Mauretania
1190 4635 1217 4679 et
1242 4629 1357 4679 Sardinia
1381 4646 1395 4679 a
1417 4633 1573 4693 praesidibus
1595 4647 1651 4682 oum
1676 4634 1717 4682 dei
1741 4635 1837 4684 auxilio

202 4717 396 4779 gubernentur'.
424 4717 580 4780 Quamquam
593 4717 755 4777 zeugitanam
769 4722 795 4764 et
808 4716 1042 4776 Carthaginiensem
1061 4717 1213 4778 provinciam
1233 4723 1340 4765 secretas
1358 4730 1414 4765 esse
1433 4731 1505 4766 nemo
1523 4730 1574 4766 non
1593 4719 1732 4780 mirabitur,
1752 4725 1836 4770 umen

200 4805 303 4852 lectioni
325 4804 417 4864 ‘Zengi
434 4810 460 4851 et
476 4803 551 4865 quae'
571 4803 667 4850 codices
679 4815 765 4851 omnes
778 4804 814 4851 ita
827 4803 920 4862 tavent,
942 4807 980 4862 ut,
1001 4815 1062 4849 uum
1076 4803 1131 4850 iure
1142 4801 1223 4850 editor
1235 4802 1393 4850 doctissimus
1405 4802 1499 4852 Paulus
1512 4804 1655 4863 llruegerna
1668 4807 1837 4854 coniecturam

202 4890 294 4952 ‘Tingi
312 4896 339 4938 et
356 4891 433 4952 quae'
453 4889 584 4950 receperit,
606 4889 769 4936 vehementer
788 4887 910 4936 dubitem.
949 4886 1016 4936 Satis
1029 4886 1131 4948 quidem
1145 4892 1243 4936 runaut
1263 4888 1330 4950 (God.
1346 4890 1410 4938 lust.
1425 4887 1491 4948 127,
1506 4888 1530 4939 2.
1552 4889 1620 4939 Pmc.
1634 4891 1659 4939 b.
1676 4890 1755 4940 Vand.
1771 4891 1832 4950 115)

199 4989 266 5025 anno
279 4974 328 5024 534
347 4981 404 5038 post
416 4974 545 5023 Geiiamiri
563 4974 657 5022 cladem
669 4975 790 5022 lobannis
808 4975 924 5033 armigeri
942 4972 1107 5035 expeditione
1126 4975 1255 5040 castelium
1269 4973 1397 5036 Saeptum,
1418 4975 1484 5036 quod
1497 4989 1572 5038 prope
1586 4976 1686 5036 Tingim
1699 4976 1729 5025 ad
1742 4980 1836 5026 iratum

200 5060 351 5110 Gaditanum
365 5062 443 5110 situm
455 5065 515 5121 erat,
537 5076 552 5107 a
564 5059 692 5118 Byzantiis
705 5065 851 5130 oeetrpatum
865 5072 929 5108 esse.
966 5057 1029 5107 ilum
1043 5066 1129 5107 autem
1142 5060 1188 5106 soli
1202 5059 1261 5108 huic
1276 5061 1376 5110 castello
1395 5073 1486 5109 nomen
1507 5061 1664 5124 ‘provinciae
1675 5058 1837 5123 'tingitanae'

201 5148 312 5196 inditum
332 5148 466 5208 uirumque
484 5145 639 5194 consularem
654 5147 808 5207 praelectum
821 5158 876 5192 esse
890 5145 990 5194 credere
1004 5158 1136 5206 nequeam,
1156 5146 1297 5206 provincias
1310 5145 1480 5196 Mauretaniae
1492 5147 1556 5195 hane
1567 5161 1648 5197 artem
1660 5149 1768 5197 additam
1781 5163 1837 5198 ease

201 5235 323 5295 auspicor.
355 5233 539 5282 Proconsularis
558 5239 642 5280 autem
661 5231 789 5294 provincia
806 5233 833 5279 iu
851 5233 992 5294 provincias
1010 5232 1071 5280 duaa
1084 5231 1248 5290 zeugitanam
1265 5237 1292 5279 et
1304 5232 1535 5293 Carthaginiensem
1553 5233 1633 5282 divisa
1651 5247 1707 5283 esse
1727 5234 1834 5284 videtur.

289 5320 313 5382 o}
337 5319 406 5370 Stad.
427 5333 486 5368 mar.
508 5321 591 5379 magni
610 5315 627 5384 s
647 5317 694 5366 113
715 5317 805 5378 Geogr.
827 5317 869 5366 Gr.
891 5319 953 5365 min.
975 5317 1014 5367 ed.
1035 5316 1064 5366 0.
1085 5305 1192 5366 Mueller
1209 5319 1222 5366 1
1240 5331 1265 5380 p.
1284 5316 1334 5368 469
1352 5314 1425 5375 πόλις
1443 5317 1521 5387 μιαρά
1541 5314 1608 5369 ἐστι·
1627 5323 1763 5388 καταφανῆ
1783 5316 1839 5390 ἔχει

200 5401 304 5478 βράχη·
323 5403 367 5457 aei
385 5401 403 5472 ἡ
421 5402 559 5474 καταγωγή
579 5402 645 5455 ἐστιν
665 5401 708 5454 tat
725 5403 758 5472 τῇ
779 5399 853 5453 πόλει
870 5398 994 5460 timulo<
1013 5400 1088 5454 ardeo.

289 5491 313 5553 'ii
334 5492 403 5541 Prot.
425 5492 455 5540 de
474 5493 548 5540 aedil.
571 5491 606 5538 vt
625 5490 649 5540 6.

289 5576 314 5638 8)
335 5578 404 5626 Prot.
424 5579 448 5626 b.
470 5576 551 5626 Vand.
573 5575 651 5625 112³
682 5574 738 5624 (ior.
759 5575 811 5624 lob.
832 5575 869 5622 lv
890 5573 913 5624 8.
936 5573 978 5624 64.

288 5663 314 5724 9)
335 5663 403 5713 Proc.
425 5664 448 5712 b.
471 5663 551 5714 ilaud.
572 5660 648 5710 1127
668 5645 835 5730 Μαραέντιαν,
857 5657 954 5717 ὅςτῶν
974 5658 1000 5711 ἐν
1019 5655 1141 5728 Βυζαντίῳ
1159 5658 1309 5730 καταλόγων
1328 5659 1417 5732 ἦρχεν.
