4508 6434
1184 425 1332 484 CORIPPI

834 615 1025 683 constituere
1047 623 1150 699 metu,
1177 623 1209 683 et
1231 617 1326 683 celsis
1348 617 1480 683 vinxere
1502 615 1644 682 'camelis

833 718 926 784 litora
948 719 1110 785 Romanus
1133 719 1242 786 densis
1264 720 1422 787 exercitus
1444 719 1541 786 armis

833 829 982 908 occupat,
1008 830 1041 890 et
1063 824 1144 890 latos
1165 823 1301 908 implent
1322 823 1457 890 tentoria
1479 843 1622 908 campos,

832 926 1029 1010 Massylique
1052 926 1151 992 ducos
1172 927 1294 993 medios
1317 947 1451 1013 posuere
1474 927 1616 993 Latinos.
1704 997 1707 1004 A

832 1027 908 1093 hinc
930 1035 1024 1112 atque
1046 1030 1120 1096 hinc
1143 1036 1272 1096 ennctos
1295 1050 1415 1097 cannas
1437 1030 1535 1097 fixere
1556 1051 1615 1115 per
1637 1051 1747 1114 agros,

832 1137 929 1214 etque
952 1132 1055 1198 omnis
1077 1139 1209 1200 tenuere
1231 1135 1311 1200 vias.
1359 1141 1434 1202 tnnc
1457 1134 1548 1200 litore
1570 1135 1611 1200 ab
1633 1134 1720 1199 omni

832 1235 988 1301 contrahit
1010 1236 1079 1322 ipse
1101 1243 1187 1304 rates
1208 1245 1361 1324 portuque
1384 1245 1467 1304 stare
1490 1237 1619 1304 Larisoo

832 1338 942 1422 iussit,
969 1347 1001 1405 et
1021 1339 1176 1424 impensis
1198 1341 1300 1408 socios
1323 1347 1499 1424 gentesque
1522 1340 1658 1423 levavit,

816 1442 1022 1528 dispensans
1044 1465 1102 1530 por
1124 1451 1229 1510 castre
1251 1452 1344 1530 pater
1364 1465 1575 1529 numerosque
1597 1445 1772 1510 Iohannes.

916 1546 991 1612 dum
1014 1547 1112 1614 trahit
1132 1548 1188 1615 ille
1211 1548 1282 1614 dies
1305 1548 1404 1633 digna
1426 1548 1617 1614 fortissimus
1641 1555 1710 1613 arte

831 1655 863 1716 et
884 1657 997 1733 gentes
1019 1651 1160 1718 cruciare
1182 1659 1290 1736 parat,
1317 1653 1481 1736 consurgit
1501 1653 1612 1718 oborta

831 1754 964 1836 seditio,
990 1756 1188 1840 populosque
1211 1755 1298 1821 furor
1319 1775 1376 1841 per
1397 1763 1502 1821 castra
1524 1756 1654 1822 Latinos

829 1858 952 1923 insanis
974 1865 1089 1942 urguet
1111 1850 1261 1925 stimulis.
1307 1859 1371 1924 iam
1393 1880 1552 1925 murmure
1576 1859 1687 1924 crebro

830 1968 989 2027 exacuunt
1011 1961 1125 2028 dubias
1148 1969 1258 2028 eontra
1280 1981 1340 2027 sna
1361 1969 1490 2046 pectora
1511 1969 1645 2028 mentes.

829 2085 886 2150 pro
909 2065 1017 2131 dolor!
1042 2072 1183 2132 armatas
1206 2072 1356 2132 revocant
1378 2065 1411 2130 in
1432 2065 1557 2131 viscera
1579 2064 1712 2130 dextras

830 2168 963 2251 quisque
987 2169 1063 2250 sibi,
1090 2169 1289 2254 propriisque
1311 2177 1426 2254 parant
1447 2169 1623 2235 cervicibus
1646 2169 1776 2234 enses.¹

828 2273 900 2355 quis
922 2272 1008 2338 furor
1028 2273 1085 2339 ille
1107 2273 1184 2356 suit,
1210 2294 1271 2358 quo
1294 2274 1340 2340 sio
1363 2281 1526 2340 exarserat
1548 2273 1649 2338 omnis
1685 2337 1695 2354 ‚

829 2375 973 2442 funditus
996 2376 1067 2461 ipse
1090 2396 1165 2443 suas
1189 2377 1326 2442 Latiaris
1349 2377 1482 2462 perdere
1504 2377 1597 2443 miles

827 2487 902 2546 tunc
924 2480 1033 2546 acies?
1054 2487 1178 2548 mentes
1199 2481 1334 2548 miseras
1356 2499 1426 2546 sors
1449 2501 1547 2546 saeva
1568 2481 1726 2546 trahebat.

827 2603 891 2648 non
913 2583 1046 2664 metuis,
1073 2585 1232 2666 Romane,
1258 2584 1393 2650 ducem?
1414 2590 1461 2650 tot
1482 2584 1586 2666 bella,
1611 2589 1659 2649 tot
1681 2583 1805 2664 hostes,

827 2706 907 2769 qnos
929 2687 1138 2754 circumfusos
1160 2695 1279 2755 certum
1303 2696 1354 2755 est
1373 2687 1536 2773 patuisse,
1562 2695 1685 2753 caveto.

828 2809 868 2856 on
890 2790 1026 2875 Libyam
1047 2791 1214 2876 per-bella
1236 2810 1330 2876 paras
1353 2811 1424 2858 cum
1447 2791 1596 2875 gentibus
1620 2811 1684 2856 una

827 2899 967 2974 vertere,
994 2900 1025 2960 et
1046 2893 1180 2958 infensis
1203 2894 1351 2960 miseram
1373 2894 1473 2979 petis,
1501 2893 1661 2979 improbe,
1687 2891 1779 2973 telis,

826 2996 890 3064 heu
912 2996 1032 3081 pietas!
1059 2997 1113 3063 ubi
1136 3004 1248 3063 sancta
1268 2998 1371 3064 fidesr
1393 2997 1457 3064 fors
1481 3017 1579 3064 saeve
1601 2996 1726 3061 laborat

826 3099 866 3165 de
888 3099 1037 3165 manibus
1058 3107 1165 3184 partos
1187 3101 1314 3186 populis
1337 3101 1461 3167 auferre
1483 3099 1671 3184 triumphos.

911 3208 1059 3287 coeperat
1080 3203 1208 3285 obliquo
1230 3202 1392 3272 ductorem
1415 3204 1535 3270 lumine
1557 3201 1650 3268 miles

825 3304 999 3391 respiciens
1021 3305 1085 3370 iam
1109 3305 1190 3372 dura
1212 3306 1298 3390 loqui
1320 3307 1502 3389 sociumque
1525 3306 1649 3390 quietos

825 3409 989 3492 exagitare
1011 3408 1134 3474 animos
1157 3429 1314 3496 auresque
1336 3410 1468 3496 implere
1492 3429 1632 3476 susurro.

824 3532 883 3577 nec
904 3512 969 3578 iam
991 3512 1074 3579 odiis
1095 3533 1231 3598 posuere
1253 3513 1400 3595 modum,
1427 3514 1484 3580 sed
1506 3533 1584 3578 voce
1606 3511 1766 3578 nefanda

823 3615 922 3700 impia
945 3616 1043 3681 verba
1065 3615 1180 3681 serunt.
1229 3616 1343 3681 silvam
1367 3616 1455 3682 velut
1476 3616 1562 3700 ignis
1583 3615 1690 3682 adurit

824 3719 1005 3803 appositus,
1031 3718 1215 3804 primaeque
1238 3727 1368 3785 movent
1389 3719 1539 3785 incendia
1560 3718 1725 3800 flammae,

823 3841 894 3888 cnm
917 3822 1023 3888 tenuis
1046 3821 1186 3888 scintilla
1206 3823 1296 3889 leves
1319 3823 1512 3889 succendero
1534 3823 1664 3888 frondes

822 3925 951 4008 incipit,
977 3931 1034 3990 aut
1055 3925 1189 4009 fragiles
1212 3913 1368 4010 crepitant
1390 3947 1461 3992 cum
1485 3925 1595 3991 fomite
1617 3925 1731 4004 culmi;

822 4029 945 4094 fumum
967 4035 1070 4094 atrum
1092 4027 1228 4112 primum
1251 4049 1445 4113 parvamque
1468 4029 1556 4094 exire
1578 4028 1723 4094 favillam

822 4153 920 4217 saepe
942 4131 1051 4213 vides,
1076 4151 1150 4196 mox
1173 4151 1208 4197 se
1231 4151 1350 4197 vacuas
1372 4131 1535 4198 Vulcanus
1557 4131 1600 4198 ad
1622 4150 1716 4197 aures

715 4252 723 4262 '
823 4235 933 4320 erigit,
960 4241 992 4300 et
1014 4234 1130 4300 densos
1153 4233 1252 4300 edunt
1272 4233 1359 4298 mala
1380 4231 1510 4299 flamina
1531 4234 1647 4300 colles:

822 4335 869 4400 sic
890 4341 1002 4419 captas
1024 4342 1148 4401 mentes
1169 4335 1325 4420 paulatim
1348 4355 1462 4401 acuere
1485 4335 1607 4414 surore,

822 4438 870 4504 sio
890 4458 1004 4524 rupere
1025 4437 1141 4504 minas.
1191 4441 1362 4521 ‘quonam‚
1388 4438 1571 4505 miseranda
1592 4438 1758 4520 iuventus,

822 4539 906 4606 hunc
928 4540 1072 4623 sequeris
1094 4540 1260 4626 per-bella
1282 4539 1417 4606 ducem?
1439 4559 1502 4629 quo
1524 4539 1612 4606 fessa
1633 4539 1800 4606 mabuntur

820 4642 971 4726 agmine?
993 4663 1056 4727 qua
1078 4662 1186 4709 rursus
1208 4642 1332 4710 miseris
1355 4663 1439 4709 mors
1462 4662 1561 4709 saeva
1582 4649 1734 4727 paratur?

821 4745 902 4829 heu,
928 4745 1009 4812 viles
1031 4746 1155 4812 animas
1177 4746 1265 4812 vario
1288 4746 1470 4812 discrimine
1493 4745 1614 4828 fundit,

821 4855 854 4915 et
875 4869 998 4916 merces
1019 4869 1082 4915 non
1104 4850 1173 4915 ulla
1195 4849 1300 4915 datur.
1346 4867 1404 4914 nos
1417 4849 1526 4916 ,Marte
1549 4855 1678 4917 omento

505 5148 537 5197 40
556 5150 662 5197 uinxere
682 5147 768 5206 Bekis„
788 5147 893 5194 uinxere
911 5147 950 5192 oct
969 5145 1074 5192 iunxere
1095 5143 1125 5204 Τ,
1146 5146 1250 5192 iunxere
1271 5143 1348 5191 Mars.
1453 5141 1483 5191 41
1505 5143 1599 5191 derisus
1619 5143 1639 5189 Τ
1742 5143 1776 5193 46
1794 5150 1916 5206 portuque
1936 5150 2005 5194 stare
2027 5148 2058 5209 Τ,

435 5243 570 5298 portusque
589 5236 682 5284 intrare
702 5233 780 5282 Maza.
886 5233 970 5280 lar-isto
988 5232 1027 5279 vel
1043 5231 1130 5278 lariaco
1150 5231 1179 5290 Τ,
1199 5231 1311 5280 Lariacos
1330 5229 1408 5278 Maza.
1534 5229 1653 5277 ditexit
1673 5229 1693 5276 Τ
1813 5229 1845 5279 ts
1864 5231 2018 5293 dispensant
2038 5234 2060 5279 Τ

435 5321 468 5369 56
486 5323 569 5369 oborn
589 5321 610 5367 Τ
714 5318 746 5368 64
765 5324 885 5368 ranacant
904 5318 925 5364 Τ
1028 5315 1060 5365 56
1079 5331 1127 5378 quo
1146 5316 1236 5376 Mass,
1256 5318 1320 5378 quod
1341 5317 1361 5363 Τ
1473 5316 1506 5364 60
1524 5317 1687 5364 circumfusas
1708 5316 1728 5362 Τ
1831 5319 1942 5380 patuisse
1962 5317 2056 5378 Mam,

434 5407 582 5470 potuisreT
686 5405 717 5454 62
736 5405 874 5454 intaasirT
977 5403 1010 5452 65
1029 5402 1164 5451 ductoreT
1267 5402 1299 5452 72
1318 5403 1447 5465 incepitT
1548 5401 1580 5450 73
1598 5404 1788 5450 fumumntrnm
1799 5401 1887 5462 Betria„
1904 5404 2010 5453 tusam
2027 5405 2056 5452 T.

433 5492 498 5542 duae
516 5497 592 5541 tresue
610 5493 719 5549 litterae,
739 5506 800 5554 quac
819 5495 881 5540 tuter
899 5505 915 5538 u
933 5495 956 5538 ct
974 5505 986 5537 r
1002 5493 1117 5538 exaratae
1134 5495 1220 5550 cram,
1238 5493 1333 5550 prima,
1353 5493 1382 5538 ut
1399 5489 1508 5549 uidetur,
1528 5503 1606 5538 manc
1623 5488 1716 5538 deletae
1734 5493 1806 5549 saar,
1826 5489 1956 5538 funeream
1976 5491 2058 5540 Maza.

435 5578 468 5627 76
485 5585 569 5642 captas
587 5577 671 5640 aaa,
692 5594 728 5628 aa
746 5592 831 5626 cascar
846 5575 981 5638 praeferat,
1001 5575 1126 5635 duosam,
1147 5577 1214 5637 cepit
1235 5576 1263 5632 Τ,
1284 5577 1368 5637 coepit
1386 5574 1465 5624 Maza.
1594 5589 1682 5623 acuere
1700 5576 1782 5623 furora
1801 5575 1830 5636 Τ,
1851 5576 1988 5624 accendere
2008 5579 2060 5625 ier-

433 5679 478 5713 uor
497 5663 574 5712 Mass.
717 5663 748 5713 78
768 5663 938 5712 trahanturT
1078 5660 1109 5710 79
1128 5675 1177 5723 qua
1194 5661 1282 5722 Baitia,
1308 5661 1398 5722 quoi*
1536 5659 1568 5709 86
1587 5661 1729 5710 discrimina
1747 5663 1841 5721 scripti,
1868 5660 2018 5710 desemine
2039 5661 2061 5708 Τ

435 5749 465 5800 81
485 5752 582 5799 cruenti
604 5750 624 5796 Τ
