4508 6434
843 425 1074 482 lotrhunroos
1093 428 1164 482 LlB.
1187 425 1221 482 11.

610 614 790 698 loricasque
812 634 929 698 graves
953 623 985 682 et
1007 636 1103 682 conos
1126 617 1266 700 pellibus
1288 625 1402 702 aptant

610 717 802 803 suppositis,
828 718 966 801 glandes
990 725 1022 784 et
1044 725 1151 785 cetera
1172 720 1240 786 tela
1262 728 1430 805 reponunt.

610 819 757 905 alipedes
780 820 909 888 meritos
932 842 1007 907 pars
1030 823 1133 888 altera
1155 823 1280 905 colligit
1302 823 1438 902 ardeus,

609 924 731 1008 pabula
753 931 841 990 certa
863 924 981 990 serens.
1028 925 1133 1009 epulis
1156 926 1321 992 volatilla
1344 926 1497 1011 parandis

611 1026 739 1107 doctus,
765 1033 849 1091 ae'na
871 1026 980 1093 locans
1002 1027 1139 1093 flammis
1161 1028 1317 1094 alimenta
1338 1028 1508 1096 ministrat.

490 1185 491 1188 ,
610 1129 662 1195 hic
685 1128 810 1212 gelidos
833 1117 937 1195 'fontes
959 1137 1056 1222 puteo
1079 1131 1180 1215 rapit,
1206 1137 1303 1215 atque
1325 1152 1383 1217 per
1404 1132 1521 1198 herbas

610 1231 759 1297 incurvos
782 1239 875 1317 parat
896 1232 953 1298 ille
976 1239 1079 1316 toros,
1106 1241 1138 1300 et
1160 1233 1283 1300 fercula
1305 1234 1395 1320 ponit

611 1341 726 1400 cuneta
749 1333 827 1399 locis
850 1341 966 1419 aptans
989 1335 1126 1421 dapibus
1149 1336 1372 1420 mundanaque
1394 1336 1533 1403 fluentis.

697 1436 857 1504 maximus
879 1438 1004 1505 interea
1026 1458 1119 1504 curas
1142 1439 1201 1505 sub
1223 1446 1352 1524 pectore
1373 1439 1484 1507 ductor

610 1541 777 1622 volvebat,
804 1539 934 1607 diversa
955 1560 1087 1608 movens
1109 1548 1287 1626 gentesque
1309 1543 1459 1627 locosque

611 1643 818 1729 captivosque
841 1643 956 1726 simul,
981 1644 1103 1710 bellum
1126 1664 1206 1727 quos
1228 1645 1380 1728 gentibus
1402 1645 1498 1712 Afros

611 1746 738 1812 miscuit
759 1753 791 1812 et
813 1746 948 1813 miseros
970 1746 1092 1832 praeda
1114 1753 1261 1832 raptante
1283 1749 1423 1832 subegit.

611 1856 738 1916 aestuat
759 1857 792 1916 ct
812 1849 915 1932 curis,
941 1850 1120 1934 iterumque
1142 1851 1320 1935 iterumque
1342 1839 1467 1918 volutat

611 1952 689 2036 quid
711 1952 812 2018 saciat
834 1953 961 2018 dubius.
1008 1952 1073 2018 iam
1095 1973 1181 2019 nunc
1203 1954 1399 2020 committere
1421 1975 1548 2039 pugnas

612 2056 713 2120 virtus
735 2076 861 2122 summa
882 2063 986 2141 parat.
1034 2056 1139 2141 pietas
1161 2055 1255 2122 modo
1277 2078 1409 2142 parcere
1431 2058 1547 2141 dictet,

485 2183 515 2220 1⁵
612 2159 730 2243 quippe
751 2179 792 2224 ue
816 2159 960 2242 captivos
982 2159 1048 2224 ullo
1070 2159 1254 2226 discrimine
1276 2167 1424 2244 quassat,

612 2282 668 2347 pro
691 2260 807 2344 quibus
829 2283 920 2327 arma
941 2269 1058 2328 movet.
1106 2281 1221 2328 sensus
1243 2262 1415 2347 vigilanter
1436 2266 1573 2331 oberrat.

611 2365 694 2431 inter
716 2371 884 2448 utrumque
906 2365 1020 2431 volans
1042 2365 1169 2431 animus
1193 2366 1336 2433 deceruit
1357 2373 1390 2434 et
1411 2368 1527 2434 obstat.

611 2475 740 2553 pectore
762 2487 872 2552 pugne
894 2467 982 2533 furit.
1028 2468 1133 2553 pietas
1155 2469 1291 2535 occurrit
1313 2476 1345 2536 et
1366 2469 1426 2534 ira.

612 2591 651 2637 ac
672 2572 762 2636 velut
782 2571 924 2654 agricola
946 2571 1095 2637 immistis
1118 2592 1189 2637 eum
1213 2573 1358 2638 sentibus
1379 2593 1458 2638 arva
1565 2601 1570 2610 ·

613 2673 697 2740 ferre
720 2674 834 2740 videns
857 2675 984 2758 fruges,
1009 2675 1165 2741 maerenti
1186 2683 1314 2759 pectore
1336 2683 1427 2742 curat

613 2778 749 2861 impiger
770 2776 929 2842 infaustos
952 2777 1039 2861 agris
1062 2778 1242 2844 convellere
1265 2785 1390 2860 sentes,

614 2879 672 2946 sed
695 2888 801 2946 movet
822 2880 894 2964 ipsa
917 2881 1031 2957 Cercs;
1058 2881 1182 2966 pavitat
1203 2882 1419 2965 damnumque
1442 2889 1610 2967 repensat,

614 3004 654 3049 ne
677 2985 761 3050 male
785 2982 910 3049 dimissi
933 2983 1070 3068 perdant
1090 2991 1146 3049 aut
1168 2984 1290 3050 hordea
1311 3004 1443 3069 vepres,

613 3095 670 3154 aut
690 3088 774 3153 bene
796 3107 859 3152 non
881 3094 1015 3172 pereant
1036 3087 1144 3153 tristes
1167 3107 1238 3152 curn
1261 3087 1408 3171 frugibus
1431 3087 1566 3155 herbae:

504 3217 517 3254 r
613 3190 660 3256 sic
682 3195 773 3275 pater
794 3190 936 3256 alternas
958 3191 1117 3275 pensabat
1138 3197 1266 3275 pectore
1289 3209 1382 3257 curer

613 3293 720 3359 omnia
741 3294 834 3359 lance
857 3294 1014 3378 probans,
1039 3293 1167 3359 animus
1188 3314 1251 3377 quo
1273 3294 1414 3378 pondere
1436 3302 1550 3378 vergat

614 3395 733 3479 quidve
755 3402 858 3478 gerat.
903 3415 963 3462 neo
986 3402 1071 3462 stare
1093 3396 1174 3462 libet
1193 3416 1254 3462 nec
1275 3395 1369 3463 dulce
1391 3396 1517 3464 sedenti

614 3499 819 3582 colloquium.
866 3499 964 3565 tacita
986 3499 1130 3582 geminat
1151 3499 1289 3584 suspiria
1312 3499 1436 3584 lingua.

615 3603 691 3668 dum
714 3601 799 3667 curis
821 3602 945 3684 agitur,
972 3600 1117 3686 pendens
1139 3601 1215 3667 dum
1237 3609 1350 3688 pectus
1371 3604 1520 3688 anhelat,

615 3705 718 3788 surgit
739 3711 772 3770 et
792 3705 827 3770 in
850 3704 967 3770 mediis
990 3706 1113 3770 mavult
1134 3704 1305 3790 confligere
1329 3707 1454 3772 castris.

614 3809 701 3893 itque
723 3807 869 3892 reditque
889 3807 979 3892 vias,
1005 3809 1152 3874 animum
1169 3829 1348 3895 corpusque
1370 3810 1523 3895 fatigans.

701 3913 785 3977 hunc
807 3911 939 3996 paribus
961 3912 1045 3977 curis
1067 3911 1209 3996 flagrans
1232 3913 1400 3979 comitatur
1420 3923 1549 3981 euntem

614 4016 870 4100 magnanimum,
897 4014 1037 4080 ductoris
1057 4015 1159 4081 honos
1180 4016 1376 4100 nimiumque
1397 4017 1558 4101 benignus

614 4119 803 4202 consiliique
826 4118 943 4200 decus,
969 4118 1063 4184 lateri
1084 4119 1273 4185 Recinarius
1296 4119 1443 4186 haerens.

505 4269 510 4282 .
615 4223 700 4288 hunc
722 4221 819 4286 hahet
840 4220 873 4286 iu
896 4220 1004 4287 saeuis
1025 4220 1125 4286 fidum
1148 4223 1333 4307 sociumque
1355 4223 1500 4308 periclis,

616 4334 648 4391 et
669 4325 786 4391 virtute
808 4324 910 4390 virum
933 4331 965 4390 et
987 4323 1129 4390 discreta
1150 4334 1255 4392 mente
1277 4326 1437 4392 levamen.

615 4431 707 4495 illum
729 4429 825 4494 etiam
850 4427 984 4493 summis
1006 4426 1088 4493 victo
1111 4428 1255 4494 Mavorte
1277 4429 1446 4515 triumphis

614 4540 661 4599 tot
681 4532 797 4598 nimios
818 4531 940 4615 gaudet
961 4548 1069 4595 secum
1092 4531 1248 4596 tolerasse
1270 4532 1396 4599 labores

616 4635 727 4700 Martis
749 4633 846 4700 etad
869 4653 1025 4699 summam
1048 4633 1168 4719 pariter
1189 4634 1319 4700 venisse
1342 4655 1501 4700 coronam.

616 4747 648 4804 et
669 4747 744 4804 tunc
767 4757 844 4821 orgo
866 4756 972 4802 comea
996 4737 1080 4802 curia
1102 4757 1166 4802 non
1188 4735 1292 4821 impar
1313 4737 1440 4802 anhelis

615 4843 700 4924 ibat,
727 4849 761 4908 et
780 4842 903 4908 alterno
924 4840 1073 4925 placidus
1096 4859 1241 4906 sermone
1264 4840 1405 4906 levabat.

706 4948 814 5010 ‘nutat
834 4943 867 5008 in
889 4942 1036 5026 angustis
1059 4943 1145 5008 omni
1167 4941 1208 5008 de
1230 4949 1320 5026 parte
1342 4941 1472 5027 periclis

616 5053 757 5129 sensus',
784 5046 896 5113 ductor
917 5046 981 5129 ait,
1012 5045 1116 5111 ‘euris
1138 5052 1171 5112 et
1192 5052 1304 5130 pectus
1325 5045 1475 5128 anhelat,

299 5312 349 5361 289
367 5318 450 5361 attant
469 5313 489 5358 Τ
602 5311 648 5362 281
670 5311 771 5360 claudes
793 5311 813 5357 Τ
924 5307 974 5358 285
992 5312 1069 5371 puteo
1090 5308 1119 5367 Τ,
1140 5311 1221 5369 portat
1239 5306 1317 5355 blesa.
1422 5309 1489 5369 rapit
1505 5313 1580 5370 atque
1599 5307 1740 5371 sommam,
1761 5316 1857 5371 raptat-

229 5411 279 5460 que
302 5397 328 5457 Τ,
355 5399 497 5460 raptimque
515 5398 616 5447 boehm.
746 5394 795 5445 aet
814 5400 905 5443 cuneta
921 5395 1034 5456 boehm„
1060 5399 1132 5442 couta
1152 5394 1181 5452 Τ,
1206 5398 1303 5455 compta
1321 5391 1401 5442 Muza.
1524 5395 1585 5443 locis
1608 5395 1635 5452 Τ,
1659 5395 1722 5444 locis
1741 5394 1819 5445 Μαι.

230 5485 342 5533 tuemur
356 5484 377 5530 Τ
463 5483 514 5534 299
526 5485 597 5532 Atria
610 5482 688 5531 liuza.
777 5480 824 5531 291
839 5481 931 5545 praeda
942 5487 1056 5543 raptante
1072 5481 1100 5540 Τ,
1115 5479 1231 5542 praedam
1243 5479 1401 5541 raptantibus
1411 5481 1543 5542 reqatrr'tur
1634 5478 1684 5529 292
1697 5485 1787 5529 extuat
1803 5481 1824 5528 Τ

230 5570 383 5618 uoluctatT
502 5569 551 5619 295
577 5583 609 5618 ue
626 5570 741 5630 captiuos
759 5568 811 5616 ullo
833 5568 866 5627 Τ,
896 5575 926 5614 ut
943 5569 1056 5629 captiuos
1074 5567 1143 5614 nullo
1169 5566 1245 5615 Maza.
1369 5565 1417 5615 tot
1443 5566 1552 5614 betatT
1671 5563 1720 5615 299
1740 5566 1860 5615 υο1υ1Τ

229 5653 277 5704 301
298 5656 421 5704 infaustos
438 5656 525 5718 Betria,
545 5656 685 5715 infalsatos,
703 5657 798 5704 lttterue
816 5669 830 5702 o
847 5657 1012 5715 superscripta
1029 5658 1065 5701 eat
1081 5653 1191 5701 litterari
1212 5652 1241 5715 Τ,
1261 5654 1368 5701 insertos
1387 5651 1465 5700 Muza.
1588 5649 1637 5702 992
1656 5651 1700 5700 sed
1720 5659 1803 5700 mouet
1823 5652 1854 5713 Τ,

231 5747 259 5790 ut
277 5745 361 5793 monet
379 5739 458 5791 Mora.
564 5741 790 5804 dampnumqueT
894 5737 944 5790 993
963 5739 1109 5792 demisell'
1214 5737 1264 5790 314
1281 5736 1459 5788 rlclnarlusT
1561 5735 1611 5786 318
1629 5735 1789 5789 tolleraret·
