4576 6428
455 413 495 476 48
1174 407 1353 464 HISTORIA

452 600 497 666 ad
525 599 705 685 perdendas
735 600 859 664 animas
890 598 1069 664 ordinatum
1098 597 1271 678 vidissent,
1308 598 1410 663 omnis
1440 598 1535 663 simul
1566 599 1678 664 civitas
1707 600 1870 666 evectione
1900 601 2009 666 navali
2032 602 2072 668 de

451 703 597 788 proximo
618 703 661 768 ad
682 703 871 787 Hispaniam
894 701 1080 784 coniugivit,
1106 701 1226 767 relictis
1248 701 1449 786 paucissimis
1472 701 1526 783 qui
1550 701 1671 768 aditum
1693 722 1758 768 non
1779 703 1968 770 invenerant
1981 706 2073 770 navi-

451 805 562 890 gandi.
604 805 690 884 Quos
708 805 913 870 Arrianorum
936 805 1104 890 episcopus
1127 805 1228 890 primo
1250 803 1488 887 blandimentis,
1514 812 1626 890 postea
1640 806 1735 872 minis
1751 806 1930 892 conpellere
1953 807 2068 892 eoepit,

453 916 488 974 nt
509 927 564 974 eos
587 908 708 974 iaceret
722 909 885 974 Arrianos.
925 907 991 973 Sed
1013 907 1111 973 iones
1132 907 1166 972 in
1181 896 1308 972 domino
1330 927 1392 972 nou
1409 908 1512 972 solum
1529 909 1694 974 suadentis
1709 908 1869 975 insaniam
1885 909 2067 992 inriserunt,

452 1031 563 1077 verum
579 1012 675 1077 etiam
690 1011 817 1096 publice
833 1011 985 1094 mysteria
1001 1010 1112 1076 dimna
1125 1011 1160 1075 in
1176 1010 1269 1076 domo
1285 1030 1348 1075 uua
1363 1011 1549 1094 congregati
1571 1012 1733 1078 celebrare
1756 1020 1939 1097 coeperunt.
1979 1012 2072 1091 Quod
2092 1035 2104 1074 a

385 1117 427 1180 30
452 1115 509 1180 ille
531 1134 726 1198 cognosceus
755 1114 942 1180 relationem
970 1114 1093 1178 occulte
1116 1114 1343 1197 Carthaginem
1368 1113 1525 1179 adversus
1547 1133 1601 1180 eos
1624 1115 1749 1180 direxit.
1797 1115 1887 1193 Quae
1909 1136 1981 1182 curn
2002 1117 2071 1200 regi

452 1217 651 1300 innotuisset,
679 1218 824 1283 comitem
847 1216 1006 1299 quendam
1029 1236 1100 1281 cum
1122 1217 1288 1282 iracundia
1310 1217 1453 1300 dirigens
1474 1218 1637 1302 praecepit
1657 1218 1746 1283 utin
1768 1219 1873 1284 medio
1892 1219 1969 1301 foro,
1995 1239 2071 1284 con-

453 1329 586 1405 gregata
600 1321 678 1386 illuc
692 1321 778 1386 omni
791 1319 964 1406 provincia,
990 1319 1118 1403 linguas
1141 1320 1189 1385 eis
1213 1327 1245 1386 et
1266 1338 1381 1385 manus
1403 1319 1534 1386 dextras
1555 1320 1708 1387 radicitus
1730 1321 1931 1387 abscidisset.
1979 1321 2071 1400 Quod
2177 1372 2179 1376 s

452 1443 522 1489 cum
542 1424 660 1490 iactum
683 1424 814 1504 fuisset,
847 1424 959 1508 spiritu
980 1431 1090 1488 sancto
1119 1431 1301 1508 praestante
1329 1424 1374 1489 ita
1403 1424 1500 1490 locuti
1531 1431 1604 1490 snut
1634 1431 1666 1490 et
1695 1426 1882 1507 loquuntur,
1915 1426 2071 1508 quomodo

452 1534 548 1592 antea
569 1527 789 1611 loquebantur.
828 1526 894 1592 Sed
917 1526 945 1591 si
967 1525 1039 1610 quis
1061 1526 1245 1592 incredulus
1267 1547 1340 1592 esse
1355 1528 1499 1610 voluerit,
1526 1534 1639 1612 pergat
1652 1548 1736 1593 nuno
1751 1529 2066 1614 Constantinopolim,
2092 1550 2121 1590 ro
2227 1533 2229 1536 ’

452 1637 484 1696 et
505 1630 550 1695 ibi
572 1631 709 1716 reperiet
724 1651 821 1696 unum
836 1630 878 1695 de
891 1629 969 1712 illis,
995 1629 1222 1695 subdiaconem
1239 1631 1442 1714 Reparatum,
1470 1649 1631 1696 sermones
1653 1630 1767 1714 politos
1789 1631 1859 1696 sine
1881 1632 1949 1697 ulla
1970 1633 2072 1697 offen-

452 1734 542 1799 sione
565 1733 758 1818 loqueutem.
805 1732 853 1799 Ob
872 1754 968 1817 quarn
991 1751 1120 1797 causam
1143 1733 1337 1799 venerabilis
1359 1733 1489 1798 nimium
1513 1734 1545 1798 in
1568 1734 1688 1819 palatio
1711 1735 1849 1800 Zenonis
1870 1735 2071 1821 imperatoris

452 1835 597 1918 babetur,
623 1843 656 1902 et
676 1835 847 1922 praecipue
869 1836 981 1920 regina
1002 1836 1082 1900 mira
1105 1854 1176 1901 eum
1199 1835 1378 1901 reverentia
1399 1845 1577 1902 veneratur.

385 1960 422 2021 31
536 1956 607 2021 VH.
644 1956 710 2022 Sed
731 1956 802 2040 quis
825 1959 963 2040 congruo
986 1975 1131 2021 sermone
1154 1956 1255 2040 possit
1276 1955 1408 2039 exsequi
1431 1963 1486 2020 aut
1508 1975 1695 2022 coacervare
1719 1955 1921 2022 diversitates
1950 1977 2071 2041 poena-

451 2081 538 2142 rum,
572 2081 652 2144 quas
681 2081 721 2126 ex
749 2060 838 2125 iussu
867 2059 954 2142 regis
984 2059 1034 2124 sui
1064 2059 1159 2124 etiam
1182 2059 1245 2144 ipsi
1266 2058 1418 2124 Wandali
1439 2059 1473 2123 in
1496 2077 1570 2124 suos
1593 2059 1737 2124 homines
1759 2065 1989 2125 exercuerunt?
2031 2061 2069 2124 In
2091 2083 2120 2123 rs

451 2164 523 2248 ipsa
545 2184 670 2247 quoque
692 2183 774 2247 quae
796 2169 889 2246 gesta
912 2171 986 2228 sunt
1007 2162 1202 2245 Carthagine
1225 2161 1253 2226 si
1274 2162 1394 2228 nitatur
1416 2163 1548 2247 scriptor
1570 2162 1758 2263 singillatim
1780 2168 1940 2241 astruere,
1973 2162 2068 2228 etiam

452 2267 521 2333 sine
550 2273 663 2332 ornatu
695 2265 849 2331 sermonis
870 2285 930 2332 nee
951 2265 1023 2352 ipsa
1045 2266 1174 2331 nomina
1195 2271 1421 2331 tormentorum
1443 2267 1558 2350 poterit
1580 2266 1717 2331 edicere.
1765 2265 1855 2344 Quae
1884 2285 1936 2331 res
1957 2265 2070 2332 bodle-

452 2390 513 2454 que
534 2369 640 2454 posita
662 2369 694 2433 in
716 2376 862 2453 promptu
886 2367 1091 2434 demonstrat.
1131 2367 1221 2433 Alios
1244 2367 1313 2433 sine
1336 2369 1493 2442 manibus,
1520 2368 1601 2433 alios
1623 2368 1693 2433 sine
1716 2368 1827 2450 oculis,
1853 2367 1934 2433 alios
1950 2368 2070 2451 absque

451 2472 606 2557 pedibus,
638 2472 720 2537 alios
748 2478 875 2537 truncos
905 2471 1036 2537 naribus
1059 2471 1252 2554 auribusque
1274 2472 1440 2553 intendas,
1474 2471 1617 2555 aliosque
1640 2472 1752 2537 videas
1778 2471 1875 2537 nimio
1898 2471 2070 2556 suspendio

451 2575 535 2661 palis
558 2575 688 2656 evulsis,
715 2581 821 2660 caput,
848 2574 933 2657 quod
956 2575 1095 2640 eminere
1118 2575 1252 2657 solebat,
1278 2575 1432 2640 inmedio
1449 2576 1651 2659 scapularum
1666 2575 1766 2640 fuisse
1783 2574 1975 2658 demersum,
1994 2575 2069 2638 dum
2090 2595 2119 2639 to

433 2678 570 2772 §iugiter
590 2677 624 2744 in
646 2678 719 2746 altis
741 2677 876 2744 aedibus
900 2676 1073 2762 suspendio
1096 2676 1284 2756 cruciantes,
1310 2676 1500 2762 impulsione
1523 2697 1675 2742 manuum
1697 2676 1826 2743 innibns
1848 2677 1988 2761 agitatls,
2014 2697 2072 2762 per

439 2771 588 2849 ¹vacuum
611 2801 718 2848 aerem
740 2782 803 2848 buc
824 2789 920 2865 atque
942 2781 1020 2846 illuc
1042 2780 1204 2846 iaciebant
1221 2780 1334 2864 vagari
1356 2779 1558 2865 pendentem.
1598 2780 1660 2859 Qui
1682 2800 1918 2862 nonnumquam
1934 2780 2071 2864 diruptis

451 2884 581 2951 funibus
604 2885 646 2950 de
673 2885 731 2950 illa
752 2884 921 2950 altitudine
948 2884 1168 2968 suspensionis
1196 2884 1262 2950 ictu
1284 2883 1392 2950 valido
1414 2891 1618 2968 conruentes,
1655 2883 1785 2969 plurimi
1814 2904 1920 2949 arcem
1949 2884 2070 2950 cerebri

453 3009 523 3054 cum
547 2989 647 3054 oeulis
669 2988 861 3054 amiserunt:
894 2987 952 3053 alii
981 2987 1152 3054 confractis
1175 2988 1300 3054 ossibus
1324 2987 1468 3072 spiritum
1492 2987 1640 3053 contiuuo
1661 2987 1886 3068 reddiderunt,
1920 2987 1977 3051 alii
1998 2993 2071 3071 post

385 3096 425 3160 32
451 3092 617 3178 paululum
640 3092 859 3157 exoleverunt.
900 3090 965 3156 Sed
987 3089 1042 3174 qui
1063 3090 1123 3155 hoe
1145 3085 1327 3157 fabulosum
1349 3096 1451 3174 putat,
1473 3089 1626 3155 Vrauium
1648 3089 1785 3156 Zenonis
1807 3090 1949 3172 legatum
1971 3089 2070 3155 inter·
2090 3111 2120 3154 ns

451 3201 550 3278 roget,
578 3193 667 3260 cuius
689 3193 872 3279 praeseutia
893 3193 1064 3279 praecipue
1087 3201 1180 3276 gesta
1202 3200 1286 3275 sunt,
1314 3193 1373 3258 illa
1395 3193 1517 3258 scilicet
1540 3212 1656 3275 causa,
1682 3193 1758 3277 quia
1780 3193 1913 3258 veniens
1935 3192 2070 3258 Cartba-

451 3297 559 3382 ginem
582 3316 655 3363 sese
677 3317 733 3382 pro
756 3296 943 3363 defensione
966 3296 1172 3362 eeclesiarum
1196 3297 1424 3362 catholicarum
1439 3297 1567 3362 venisse
1590 3295 1741 3363 iactabat.
1782 3297 1823 3361 Idt
1844 3303 1879 3360 nt
1900 3295 1948 3360 illi
1963 3303 2070 3361 osten-

451 3401 542 3466 deret
570 3407 725 3484 tyraunus
755 3401 913 3466 neminem
947 3399 1135 3481 formidare,
1172 3398 1207 3464 in
1236 3399 1304 3465 illis
1337 3399 1455 3484 plateis
1487 3399 1539 3464 vel
1573 3398 1652 3464 vicia
1684 3399 1840 3484 pluriores
1873 3405 2006 3464 tortores
2039 3404 2071 3463 et

450 3503 644 3570 crudeliores
674 3503 800 3586 statuit,
832 3504 866 3568 in
894 3503 1010 3587 quibus
1037 3503 1154 3587 legatis
1182 3503 1279 3567 moris
1307 3509 1357 3568 est
1386 3501 1590 3568 ascendendo
1618 3501 1661 3568 ad
1690 3501 1845 3586 palatium
1875 3509 1907 3569 et
1935 3502 2070 3568 descen-

451 3607 555 3674 dendo
584 3607 735 3673 transire:
773 3605 816 3671 ad
838 3606 1040 3692 obprobrium
1061 3605 1212 3672 videlicet
1234 3605 1336 3691 ipsius
1358 3606 1553 3690 reipublicae
1576 3613 1609 3671 et
1630 3605 1664 3670 in
1685 3605 1783 3670 nostri
1805 3606 1868 3670 iarn
1892 3604 2070 3671 deficientis
2090 3629 2120 3671 ao

450 3710 602 3797 temporis
624 3710 757 3776 faecem.

385 3835 426 3899 33
536 3831 624 3895 VIII.
650 3827 740 3896 Tunc
761 3829 859 3913 igitur
881 3837 912 3894 et
933 3827 1091 3913 quaedam
1113 3848 1192 3893 uxor
1214 3826 1381 3902 cniusdam
1397 3828 1560 3895 cellaritae
1575 3829 1672 3913 regis,
1698 3829 1824 3894 nomine
1839 3827 1968 3912 Dagila,
1986 3849 2069 3912 quae

450 3933 645 4020 temporibus
669 3932 825 3998 Geiserici
854 3932 1037 3997 multotIens
1065 3931 1129 3995 iam
1152 3930 1316 3996 confessor
1337 3930 1503 4016 extiterat,
1536 3939 1681 3997 matrona
1710 3932 1826 3997 nobilis
1849 3931 1894 3998 'ac
1916 3931 2065 4015 delicata,

451 4037 590 4121 flagellis
614 4043 646 4102 et
667 4035 805 4102 fustibus
827 4034 953 4101 omnino
976 4033 1161 4116 debilitata,
1194 4033 1291 4098 exilio
1319 4033 1408 4098 arido
1431 4041 1463 4099 et
1484 4035 1569 4100 invio
1591 4036 1769 4118 relegatur,
1803 4035 1858 4102 ubi
1880 4036 1989 4102 nullus
2012 4035 2070 4100 ho-

451 4141 572 4206 minum
600 4140 680 4206 forte
710 4137 934 4204 consolationis
964 4136 1067 4222 gratia
1096 4135 1247 4204 veniendi
1276 4137 1410 4202 haberet
1435 4157 1616 4220 accessum,
1650 4139 1833 4223 relinquens
1856 4159 1927 4205 cum
1949 4137 2119 4222 gaudiosa

454 4358 862 4368 —-—-——-———-

522 4505 533 4554 1
554 4505 638 4553 uenali
657 4500 700 4569 de]
717 4503 800 4551 aalide
818 4502 849 4563 It,
870 4501 978 4562 neldep
1089 4500 1237 4563 iproxime
1250 4516 1269 4563 p
1372 4503 1401 4550 ed
1421 4503 1566 4564 lllspenlem
1585 4515 1633 4551 om.
1654 4501 1725 4550 BLV
1825 4503 1966 4564 coniugluit
1984 4502 2070 4550 sut.-

452 4593 564 4652 confugit
588 4592 626 4652 Lp
644 4595 666 4638 et
684 4591 758 4651 υιιὶρο
896 4589 955 4650 qula
971 4587 1066 4636 dictum
1090 4586 1118 4632 V¹
1255 4587 1316 4636 iln
1334 4588 1433 4637 domino
1450 4591 1512 4636 met:
1540 4589 1567 4635 in
1585 4588 1683 4636 domino
1701 4595 1874 4651 permanentes
1897 4588 1935 4637 ed.
1956 4589 2032 4637 Rutu.

429 4675 432 4682 '
453 4679 467 4728 t
487 4678 610 4726 celebrere
629 4676 805 4738 congregetll'
907 4673 1076 4734 dcertbeglnl
1092 4673 1131 4735 Rp
1234 4675 1358 4735 direrltp
1463 4672 1705 4722 linuntulseentB
1809 4674 1914 4724 Somne
1934 4675 1997 4734 BVl,
2018 4689 2070 4724 oru-

453 4764 535 4813 nlelt
638 4762 752 4811 dexterea
769 4777 787 4824 p
803 4765 826 4808 et
843 4761 917 4820 culpo
1038 4759 1197 4810 absciditeet.
1228 4765 1254 4808 et
1272 4761 1363 4822 spiritu
1382 4759 1420 4821 Bp
1541 4757 1673 4820 illoqnutl
1691 4760 1740 4807 BV
1857 4762 1972 4810 locuntur
1990 4763 2035 4814 th

455 4849 481 4900 11
502 4849 630 4911 repperiet
648 4847 720 4896 BBV
854 4846 1027 4894 subdiaconem
1046 4844 1129 4894 BLV:
1149 4845 1326 4896 subdlacouum
1345 4845 1384 4906 Rp
1523 4843 1553 4893 12
1573 4847 1649 4894 nimie
1665 4860 1684 4906 p
1813 4845 1845 4895 14
1862 4850 1956 4910 exequi
1973 4848 2035 4910 Ll'p

455 4935 485 4986 16
503 4947 602 4997 quoque
620 4947 703 4995 cm.p
806 4946 869 4994 quse
887 4945 936 4982 om.
955 4933 1004 4979 BV
1104 4933 1230 4992 aerugine
1249 4931 1271 4979 B
1389 4929 1419 4979 tt
1438 4931 1519 4980 dicere
1537 4931 1576 4992 Bp
1679 4931 1752 4980 lrodie
1770 4933 1860 4994 culqne
1878 4936 2035 4996 propoeltep

454 5020 485 5071 18
503 5026 600 5084 promtu
619 5018 664 5068 Bt
766 5019 957 5067 demonstretur.
983 5017 1046 5066 Nem
1062 5017 1156 5079 ellosp
1259 5019 1373 5066 menibus
1390 5017 1446 5066 aliie
1463 5018 1512 5064 BV
1625 5016 1656 5067 19
1674 5024 1799 5068 truncatos
1818 5017 1854 5079 Lp
1976 5018 2009 5070 20
2027 5035 2070 5082 pe·

451 5108 484 5157 lis
501 5107 563 5155 BV:
582 5107 641 5168 pllie
659 5105 689 5168 L,
710 5106 815 5168 spetnlls
834 5104 871 5166 Rp
889 5109 912 5153 et
929 5105 1003 5164 culpo
1105 5104 1241 5152 dimersum
1259 5103 1280 5151 t
1384 5100 1585 5164 rependentem
1605 5103 1712 5152 etat.-
1730 5105 1870 5167 pendentes
1885 5107 1943 5166 p'et
1960 5107 2035 5167 culpo

452 5196 495 5257 qul
513 5188 711 5258 nonnumquam]
730 5191 877 5251 nonnulllp
980 5189 1271 5252 dremptrettpetvotpe
1375 5187 1407 5238 23
1426 5197 1571 5238 corruerunt
1586 5195 1645 5249 etp
1749 5189 1781 5240 at
1799 5191 1965 5241 confractibus
1978 5191 2035 5240 BV¹

451 5280 484 5331 25
502 5278 614 5343 paullum
632 5277 816 5327 exbelenernnt
833 5277 871 5327 ed.
894 5275 968 5326 Retia.
1091 5276 1206 5324 uranium
1224 5274 1309 5323 BLV.-
1332 5277 1417 5324 enlum
1435 5274 1466 5335 It,
1486 5276 1579 5323 Aulum
1596 5289 1613 5336 p
1733 5273 1766 5325 26
1784 5278 1855 5325 culus
1873 5280 1935 5325 mei:
1952 5279 1978 5326 ln
1997 5282 2069 5327 cuiue

451 5366 490 5418 ed.
510 5366 566 5414 Lot.
588 5368 610 5413 et
627 5365 710 5425 culpo,
730 5367 755 5410 ai
774 5361 810 5424 es.
833 5362 867 5422 11,
888 5363 904 5410 3
922 5362 1065 5423 praeseutia
1083 5363 1137 5409 elue
1207 5373 1236 5409 eo
1254 5366 1384 5421 praesente
1499 5374 1596 5408 oensem
1614 5361 1637 5408 Β
1748 5377 1830 5423 quep
1933 5364 2069 5426 certbeglnl

454 5452 492 5514 Rp
606 5448 638 5500 27
658 5455 730 5498 utet
748 5449 786 5510 up
900 5446 933 5497 28
951 5448 1077 5496 neminem
1095 5447 1201 5495 BLllV:
1220 5449 1346 5496 neminem
1365 5461 1391 5495 re
1407 5461 1431 5507 p,
1454 5459 1480 5494 ee
1499 5448 1625 5494 nemlnem
1642 5446 1679 5495 ed.
1701 5446 1776 5496 Radit.
1882 5450 1910 5497 lrr
1928 5461 1975 5498 om.
1996 5451 2035 5512 Rp

453 5540 494 5588 nei
517 5549 602 5598 orn.p
738 5534 860 5596 plurimes
883 5531 965 5579 BRV:
991 5533 1075 5594 plures
1098 5533 1136 5592 Lp
1153 5537 1175 5579 et
1193 5533 1280 5592 cubo,
1307 5531 1341 5592 ef.
1362 5531 1484 5590 Roenseb,
1511 5532 1577 5580 Italo
1593 5547 1619 5593 p.
1641 5534 1691 5582 218
1829 5531 1861 5583 29
1879 5535 1984 5584 escendo
2006 5535 2036 5583 l'¹

453 5620 645 5674 deeeendollV¹
748 5618 781 5669 30
799 5619 916 5668 uidelicet
933 5631 982 5668 om.
994 5634 1012 5681 p
1115 5625 1140 5666 et
1152 5620 1180 5666 ln
1191 5618 1276 5666 BLV:
1295 5625 1320 5667 et
1332 5619 1371 5680 Rp
1383 5623 1406 5666 et
1418 5619 1492 5678 vulpe
1596 5617 1744 5667 nostrlsBV
1847 5619 1876 5670 31
1898 5622 1976 5670 recem
1988 5626 2035 5670 mer·

453 5709 485 5760 32
504 5708 641 5769 cellerltlp
744 5705 862 5766 deditum
881 5705 925 5767 qul
943 5703 973 5764 B,
994 5704 1080 5765 degilli
1097 5705 1175 5766 quip
1278 5702 1310 5752 33
1328 5703 1484 5764 geysiriclll
1586 5705 1735 5753 multociens
1757 5704 1778 5753 V
1879 5707 2041 5755 coniersorB
2085 5711 2092 5730 ’
