4508 6434
800 408 1030 467 lOllANNlDOS
1050 414 1120 468 LIB.
1143 412 1194 467 111.

663 602 856 687 praecipitur
878 602 1015 687 placidis
1040 603 1208 669 Liberatus
1231 601 1337 668 dicere
1360 603 1476 668 verbis.

577 705 684 789 paruit
704 705 760 771 ille
782 706 886 786 celer,
912 707 1010 791 plena
1033 707 1081 771 sic
1103 726 1180 772 voce
1203 707 1337 772 locutus.

581 807 698 890 ‘nitor,
726 828 849 874 summe
872 809 999 892 ducum,
1025 829 1141 874 causas
1164 829 1293 876 narrare
1316 811 1472 875 malorum

450 933 480 972 cc
577 919 609 978 et
630 911 727 977 iussis
749 933 863 996 parere
884 913 959 978 tuis.
1007 912 1083 978 dum
1105 912 1212 978 dicere
1235 919 1371 998 tempto,

576 1013 705 1080 flamma
726 1035 844 1082 nocens
866 1016 986 1100 surgit,
1013 1015 1141 1098 gelidus
1164 1016 1352 1100 praecordia
1374 1015 1505 1098 sangnis

575 1120 700 1202 turbat,
727 1126 759 1186 et
780 1126 921 1186 attentae
944 1119 998 1184 uix
1021 1119 1126 1204 prodit
1148 1119 1259 1185 fabula
1280 1119 1419 1203 linguae.
1523 1108 1529 1120 ⁸

576 1222 736 1308 praecipis
760 1223 830 1308 ipse
853 1242 941 1288 meos
964 1223 1078 1288 iterum
1102 1243 1152 1288 me
1175 1223 1258 1289 lerre
1280 1224 1422 1305 labores,

577 1326 653 1391 dum
676 1326 779 1392 refero
802 1346 934 1391 saevum
957 1326 1043 1408 quod
1066 1326 1198 1410 pertulit
1218 1326 1328 1392 Africa
1348 1326 1479 1392 bellum.

457 1452 463 1488 r
560 1430 635 1495 sed
657 1430 732 1511 quia
754 1430 843 1496 celsa
864 1437 1013 1515 premunt
1035 1429 1229 1512 dominantis
1251 1431 1340 1496 iussa
1361 1430 1522 1514 magistri,

577 1532 650 1598 hinc
672 1532 891 1617 proculcato,
917 1532 1016 1598 dolor.
1063 1553 1180 1617 magno
1202 1533 1266 1598 iam
1289 1533 1426 1598 vinceris
1447 1519 1539 1599 ausu.

578 1636 754 1720 parendum
776 1643 826 1701 est
846 1636 944 1702 iussis
967 1635 1142 1720 humilique
1165 1656 1283 1721 pavore
1305 1635 1515 1718 sequendum.

663 1739 817 1825 principio
840 1739 986 1824 geminas
1008 1739 1073 1805 iam
1096 1746 1241 1806 senserat
1262 1739 1372 1806 Africa
1392 1747 1512 1825 pestes.

576 1862 660 1908 nunc
681 1843 796 1908 iterum
818 1843 965 1927 geminas
987 1843 1084 1909 sentit
1106 1842 1290 1908 miseranda
1310 1843 1429 1908 ruinas.

468 1969 481 2006 r,
576 1946 694 2012 finibus
716 1947 750 2010 in
771 1947 888 2012 nostris
910 1953 980 2012 orta
1002 1952 1067 2029 est,
1093 1967 1176 2030 quae
1199 1946 1353 2012 crevit-in
1375 1947 1499 2026 orbem,

576 2049 736 2135 impietas.
785 2048 935 2115 Guenfan
957 2048 1082 2114 miseris
1104 2056 1154 2116 est
1174 2049 1274 2115 tristis
1296 2050 1384 2132 origo

576 2153 694 2218 Antala
714 2159 867 2218 nascente
889 2152 966 2218 lero.
1014 2172 1088 2216 nam
1110 2159 1251 2237 tempore
1273 2153 1378 2237 prisco

576 2277 640 2340 pax
663 2263 731 2322 crat
752 2256 786 2320 in
808 2255 931 2322 cunctis
954 2256 1076 2340 Libyae
1098 2256 1257 2322 tutissima
1278 2257 1381 2322 terris.
1398 2245 1416 2276 ''

576 2360 739 2442 gaudebat
761 2359 943 2426 miseranda
964 2359 1056 2424 novis
1078 2367 1191 2424 ornata
1213 2360 1337 2425 coronis

575 2463 694 2529 Africa.
742 2463 913 2530 nectebant
935 2461 1029 2529 flavis
1051 2469 1219 2547 gestamen
1240 2463 1348 2529 aristis

575 2567 754 2651 agricolae,
781 2567 937 2650 solitoque
959 2569 1078 2633 rubens
1100 2567 1135 2632 in
1157 2568 1289 2652 palmite
1313 2567 1473 2649 Bacchus,

576 2671 706 2756 Paxque
729 2691 788 2736 sua
809 2671 927 2736 laetam
950 2670 1079 2753 fulgens
1102 2671 1236 2736 ornabat
1256 2671 1352 2736 oliva.

575 2763 742 2858 usquead
763 2779 812 2839 ter·
834 2774 934 2839 denos
955 2773 1093 2839 Antalae
1115 2772 1222 2840 floruit
1242 2793 1343 2839 annos

574 2877 751 2958 nascentis,
776 2875 939 2959 nostrique
962 2883 1074 2962 potens
1097 2897 1171 2962 pars
1194 2878 1335 2943 maxima
1356 2877 1467 2942 mundi

465 3006 477 3043 ε.
573 2980 705 3064 claruit,
731 2987 766 3046 ut
787 2987 852 3046 toto
874 2979 1081 3064 praefulgens
1104 2980 1233 3047 Lucifer
1253 3001 1314 3046 axe

573 3085 738 3151 stellarum
759 3082 906 3180 dammas
929 3083 1059 3149 flamma
1081 3084 1211 3150 meliore
1234 3085 1378 3151 revincit.

572 3209 654 3271 quae
676 3187 767 3253 dedit
787 3187 822 3253 in
844 3188 962 3253 nostris
984 3189 1090 3272 proles
1114 3188 1273 3254 Guenfeia
1294 3189 1407 3272 terris,

571 3312 694 3358 summe
716 3297 822 3378 pater,
849 3291 947 3375 capili
968 3291 1110 3376 ipsorum
1133 3292 1307 3376 generique
1330 3311 1469 3358 reservo.

571 3397 725 3479 parvulus
748 3395 803 3459 ille
826 3393 904 3460 feris
926 3394 981 3459 vix
1003 3395 1136 3478 contigit
1158 3395 1258 3461 ubera
1280 3395 1395 3461 labris:

445 3561 451 3572 „
570 3497 704 3563 terribili
726 3498 848 3562 monitu
869 3498 933 3562 iam
957 3498 1021 3562 iam
1044 3496 1227 3564 flammante
1249 3499 1419 3582 Megaera,

571 3601 659 3667 sama
680 3602 768 3667 volat
789 3600 962 3667 metuenda
984 3621 1113 3668 canens.
1160 3623 1298 3686 namque
1320 3603 1485 3668 Ammonis
1508 3603 1580 3686 ipsc

570 3704 692 3789 templa
713 3705 794 3790 petit
816 3705 968 3771 simulata
990 3713 1092 3790 pater.
1139 3713 1214 3772 tunc
1237 3707 1335 3791 prolis
1357 3706 1486 3790 iniquae

572 3808 639 3874 fata
660 3809 800 3875 tenenda
822 3829 958 3892 rogans,
984 3816 1104 3875 mactat
1125 3809 1165 3875 de
1188 3830 1275 3877 more
1296 3810 1428 3895 profano

571 3912 700 3978 honida
722 3931 814 3978 sacra
835 3912 914 3978 Iovi.
962 3913 1069 3978 tristes
1092 3920 1125 3979 et
1145 3914 1305 3998 Apollinis
1328 3933 1401 3978 aras

445 4052 475 4090 ,s
571 4016 646 4083 inde
669 4024 799 4101 petens,
825 4017 946 4082 Phoebi
969 4016 1111 4102 tripodas
1134 4017 1307 4101 laurusque
1330 4017 1471 4101 requirit.

571 4120 714 4186 funditur
736 4120 902 4186 horrendis
926 4120 1057 4204 sanguis
1080 4121 1314 4186 maestissimus
1335 4122 1417 4206 aris,

571 4225 838 4308 omnigenumque
859 4243 958 4308 pecus
981 4231 1099 4290 mactat
1121 4225 1235 4290 vittata
1257 4223 1424 4308 sacerdos,

571 4328 639 4394 fata
660 4348 803 4395 movens.
851 4328 951 4413 raptis
973 4328 1109 4411 primum
1131 4329 1292 4412 quaesivit
1312 4328 1346 4393 in
1369 4329 1453 4395 extis
1501 4387 1502 4398 ,

569 4432 743 4517 inspiciens
770 4431 880 4515 (series
901 4431 996 4496 latuit
1017 4431 1214 4516 longissima)
1241 4430 1354 4514 libras,

364 4557 370 4570 ·
444 4571 450 4594 ι
571 4535 714 4618 duraque
737 4534 901 4620 perpetuis
923 4534 1057 4618 imponit
1079 4534 1202 4599 viscera
1223 4534 1372 4601 flammis.

570 4638 646 4704 inde
668 4639 758 4704 lerox
780 4638 918 4722 rapitur,
945 4638 1050 4702 subito
1072 4645 1218 4722 correpta
1239 4637 1362 4722 furore,

570 4741 722 4806 terribilis
743 4759 929 4825 mersosque
950 4740 1046 4806 simul
1068 4760 1126 4825 per
1147 4741 1272 4806 viscera
1292 4743 1410 4808 cultros

569 4845 722 4929 imprimit
742 4844 814 4930 ipsa
836 4844 908 4910 sibi.
955 4843 1075 4909 multus
1098 4843 1138 4910 de
1160 4864 1291 4929 corpore
1314 4847 1448 4929 sanguis

569 4948 690 5032 influit,
716 4956 750 5015 et
770 4949 880 5014 crebro
901 4948 1044 5031 geminat
1066 4967 1137 5012 oum
1160 4949 1293 5015 vulnere
1316 4948 1445 5016 ferrum.

570 5053 664 5138 erigit
685 5053 753 5117 alta
775 5071 892 5117 comas.
940 5059 1015 5117 tnnc
1036 5050 1185 5118 flammea
1207 5053 1328 5119 lumina
1349 5061 1475 5138 torquet

570 5156 761 5240 subsiliens,
786 5156 953 5240 saltusque
976 5162 1058 5221 rotat
1078 5155 1244 5240 flexusque
1267 5157 1426 5240 malignos

186 5329 285 5336 -—---

252 5416 284 5466 52
303 5417 398 5478 phorce
411 5416 490 5464 Musas.
599 5413 729 5461 Liberatus
742 5412 827 5472 aaa,
847 5411 978 5460 libratisT
1082 5411 1115 5460 53
1133 5411 1271 5461 lncntusT
1375 5413 1405 5462 bl
1426 5419 1538 5463 attentae
1551 5412 1640 5474 llam,
1659 5419 1758 5462 mente
1773 5413 1804 5476 Τ,

181 5503 428 5566 attonltssdabr’lom
439 5503 514 5552 acca
613 5498 646 5548 62
664 5497 784 5560 queodd.
799 5497 873 5547 Bclclr.
971 5497 1004 5546 65
1023 5500 1107 5546 orbern
1119 5497 1206 5558 aaa,
1227 5498 1320 5547 orbeT
1417 5498 1449 5547 'lb
1468 5499 1620 5548 nectebrtT
1714 5498 1743 5548 il
1764 5515 1805 5550 so·

181 5589 325 5650 litosqneT
412 5588 627 5647 ibsuaLochm„
643 5601 712 5634 snam
731 5585 751 5631 Τ
835 5583 1027 5644 ο]ἰηι8αοὴπι.,
1045 5586 1115 5633 ullus
1130 5584 1159 5644 T,
1173 5586 1264 5634 ollnam
1277 5584 1355 5633 Muza.
1446 5585 1615 5633 terminer
1703 5585 1806 5635 'linas-

180 5674 302 5724 ccntasi'
396 5675 428 5724 79
448 5677 491 5724 uix
506 5675 591 5734 Bella,
607 5687 662 5720 mox
680 5673 700 5718 Τ
796 5670 828 5718 84
845 5673 1013 5733 apollnislras
1029 5671 1049 5716 Τ
1146 5671 1178 5719 85
1197 5672 1329 5733 laurosque
1344 5671 1420 5719 Mosa.
1519 5669 1552 5720 88
1571 5673 1700 5732 quaesiuit
1714 5671 1803 5732 Mosa,

180 5774 230 5822 quc
247 5761 357 5809 saultT
460 5760 492 5809 89
511 5763 584 5808 latuit
606 5760 632 5812 Τ.
655 5761 737 5820 potnit
756 5758 830 5807 Bekis.
937 5757 970 5806 90
988 5759 1091 5818 diraque
1109 5759 1196 5804 sualim
1300 5757 1330 5805 al
1352 5765 1464 5818 corrupta
1485 5757 1505 5803 Τ
1609 5755 1642 5804 bb
1661 5757 1789 5806 mrllusT
