4508 6434
1110 435 1112 438 ·
1183 387 1329 478 comum

833 613 876 678 ad
898 613 975 697 iuga
996 614 1080 679 colla
1100 620 1226 698 parant.
1273 613 1494 698 poscentibus,
1520 612 1645 694 inclite,
1671 632 1778 698 parce.

832 736 959 784 oramus
980 738 1092 803 pacem
1115 724 1148 783 et
1168 716 1328 802 placidam
1350 723 1424 802 post
1445 717 1533 783 bella
1553 718 1720 800 quietem’.

918 822 977 887 has
1000 821 1083 888 inter
1104 841 1199 888 voces
1220 821 1325 903 ignari
1347 841 1509 886 murmura
1531 821 1621 904 vulgi

832 924 866 989 in
888 924 1001 990 castris
1023 944 1157 990 sonuere
1179 924 1282 990 ducis.
1332 925 1486 1007 ‘quonam
1510 943 1610 1008 usque
1632 924 1759 990 necabit

832 1029 965 1111 agmina
985 1028 1087 1094 multa
1109 1027 1232 1094 fames?
1275 1027 1361 1094 vitae
1385 1047 1459 1114 spes
1481 1028 1572 1093 nulla
1594 1028 1756 1112 salusque.

832 1133 1023 1198 conterimur
1043 1132 1228 1198 miseranda
1250 1135 1389 1197 manus'.
1436 1131 1574 1198 ductoris
1597 1139 1632 1198 ut
1653 1151 1747 1196 aures

832 1237 965 1320 contigit
985 1235 1041 1301 ille
1064 1255 1178 1317 sonus,
1204 1236 1345 1319 graviter
1367 1241 1540 1302 commotus
1562 1235 1596 1300 in
1618 1255 1728 1301 aurem

833 1338 880 1404 sic
901 1338 1049 1404 Recinari
1071 1339 1127 1404 ait.
1155 1339 1330 1406 ‘infaustas
1351 1359 1436 1404 nuuc
1457 1359 1530 1404 aree
1553 1338 1701 1421 querelas

833 1442 943 1508 militis
964 1442 1085 1526 ignavi.
1133 1462 1290 1524 quaenam
1314 1441 1476 1508 dementia
1499 1441 1603 1508 cordis

724 1567 737 1606 ι
832 1546 1021 1631 praecipitat
1042 1546 1176 1612 miseras
1199 1545 1333 1611 confusa
1354 1553 1460 1612 mente
1483 1551 1650 1612 catervas?

833 1656 966 1716 cernunt
986 1651 1123 1736 legatos.
1169 1657 1304 1734 poscunt
1326 1669 1399 1715 mea
1421 1649 1554 1716 foedera
1575 1657 1704 1733 gentes,

833 1761 918 1820 stant
939 1753 1077 1820 humiles
1099 1753 1309 1839 precibusque
1332 1761 1454 1838 rogant.
1501 1753 1535 1818 hi
1557 1761 1666 1819 nostra
1687 1759 1834 1818 retexunt

832 1857 944 1923 intima
966 1864 1186 1940 secretumque
1208 1858 1338 1923 malum.
1386 1878 1442 1942 pro
1465 1857 1605 1943 pessima
1626 1863 1768 1921 ventrem

832 1961 925 2026 turba
947 1961 1055 2026 colens
1077 1960 1139 2026 ritu
1160 1961 1319 2045 pecudum
1342 1961 1394 2026 vel
1417 1981 1503 2026 more
1526 1960 1694 2026 feramm'!

832 2063 920 2129 ilicet
942 2063 1112 2148 egrediens
1134 2063 1270 2148 placidis
1292 2064 1379 2129 celer
1400 2063 1507 2130 omnia
1527 2063 1635 2130 verbis

833 2187 994 2232 murmura
1015 2167 1215 2252 compressit,
1241 2167 1383 2234 referens
1405 2173 1576 2252 praecepta
1597 2167 1753 2249 magistri.

833 2278 1001 2356 postquam
1024 2271 1110 2338 facta
1133 2271 1241 2356 quies,
1267 2271 1386 2354 legatis
1407 2271 1542 2355 gnarior
1563 2271 1632 2356 ipse

834 2374 945 2441 ductor
966 2375 1021 2440 ait.
1073 2378 1196 2442 ‘noster
1217 2395 1298 2458 quas
1320 2395 1404 2440 nunc
1426 2375 1583 2441 exercitus
1605 2375 1671 2442 iras

833 2476 968 2560 fuderit,
994 2477 1141 2544 audistis.
1189 2477 1325 2563 cupidus
1347 2478 1416 2544 fera
1436 2478 1561 2563 proelia
1582 2479 1675 2544 miles

725 2603 737 2640 u
833 2579 891 2666 pei
912 2589 1041 2665 gentem
1063 2582 1199 2648 transire
1221 2587 1331 2667 parat,
1357 2581 1416 2647 sed
1437 2590 1546 2648 nostra
1567 2589 1709 2667 potestas

833 2705 964 2770 parcere
987 2685 1139 2752 subiectis
1161 2705 1288 2770 semper
1309 2684 1426 2750 studet.
1472 2705 1562 2751 arma
1582 2691 1727 2752 tenentes

834 2789 1025 2855 conterimus
1047 2790 1201 2876 populos,
1228 2789 1365 2854 humiles
1387 2788 1527 2854 aseimua
1549 2789 1680 2855 amicos.
1731 2786 1734 2794 ’

834 2893 895 2976 ite,
921 2893 994 2959 viri.
1041 2892 1068 2958 si
1091 2899 1178 2959 certa
1200 2892 1281 2958 fides
1304 2913 1377 2958 mea
1398 2891 1530 2958 foedera
1551 2892 1670 2978 poscit,

833 2996 949 3064 tradite
972 3002 1080 3062 vestra
1101 2996 1182 3064 meis
1203 3003 1349 3062 natorum
1370 2996 1507 3083 pignora
1528 2997 1659 3079 castris,

834 3107 866 3166 et
887 3121 1000 3186 pacem
1022 3101 1155 3168 retinete
1177 3121 1293 3166 meam.
1339 3120 1442 3184 genus
1464 3120 1556 3166 omne
1578 3100 1719 3166 mauebit

834 3223 980 3270 securum
1002 3204 1162 3270 Astrieum
1185 3211 1291 3270 nostm
1314 3203 1373 3270 sub
1395 3203 1538 3289 principe
1559 3204 1711 3288 pollens'.

834 3307 915 3373 haec
937 3307 1022 3373 fatue
1045 3306 1138 3373 donia
1159 3313 1280 3373 onerat.
1328 3306 1448 3373 servire
1471 3305 1612 3373 fatentur

834 3413 975 3476 Romano
998 3411 1148 3497 imperio,
1174 3419 1267 3478 natos
1289 3431 1346 3496 pro
1367 3410 1501 3495 pignore
1522 3410 1613 3497 pacis

833 3515 967 3600 polliciti
988 3521 1153 3602 praestare
1175 3535 1260 3581 suos.
1307 3513 1424 3580 virtute
1446 3514 1577 3580 Latinos

834 3625 867 3684 et
887 3619 1043 3703 probitate
1066 3619 1210 3703 probant.
1257 3617 1392 3684 laudant
1413 3617 1560 3700 viresque
1582 3617 1741 3700 fidemque

833 3719 987 3807 principis
1009 3728 1105 3804 atque
1127 3721 1229 3787 ducis.
1277 3727 1439 3806 composta
1460 3741 1539 3805 pace
1562 3720 1724 3788 recedunt.

919 3831 952 3890 at
974 3825 1084 3909 procul
1106 3824 1139 3890 in
1162 3844 1291 3910 campos
1315 3825 1498 3908 squalentes
1521 3824 1626 3891 fessus
1648 3825 1780 3907 Ilaguas

834 3926 962 3994 errabat
983 3928 1110 4010 trition,
1136 3947 1196 3994 nee
1216 3933 1323 3994 tantos
1344 3927 1428 3993 ferre
1450 3928 1576 3994 labores

833 4033 897 4097 iam
919 4038 1044 4116 poterat
1066 4031 1241 4115 duramque
1263 4031 1392 4097 famem.
1437 4031 1492 4097 via
1513 4032 1603 4096 nulla
1624 4031 1738 4097 salutis

835 4141 867 4200 et
888 4135 1011 4200 nullum
1034 4141 1226 4201 monstratur
1246 4135 1316 4201 iter.
1364 4141 1436 4219 post
1456 4140 1549 4218 terga
1569 4135 1745 4218 Iohannes,

833 4236 1004 4304 infaciem
1027 4239 1143 4304 nimius
1166 4237 1245 4304 solis
1267 4238 1365 4304 calor.
1411 4239 1552 4323 undique
1574 4238 1663 4323 genti

833 4359 918 4405 mors
940 4346 1009 4406 erat
1029 4346 1104 4407 ante
1126 4342 1245 4406 oculos.
1292 4359 1352 4406 neo
1373 4341 1506 4408 tendere
1527 4349 1648 4408 rectum

833 4463 893 4510 nee
914 4444 997 4529 potis
1019 4451 1069 4510 est
1090 4464 1241 4511 revocare
1263 4444 1409 4528 gradum.
1458 4444 1590 4512 confusa
1611 4443 1740 4530 periclis

832 4547 931 4612 anxia
951 4549 1045 4613 turba
1066 4547 1175 4632 gemit.
1222 4554 1354 4614 mortem
1377 4554 1479 4614 orant.
1524 4548 1571 4614 ire
1594 4555 1764 4614 retrorsum

832 4651 991 4735 persuasit
1013 4650 1140 4717 fortuma
1161 4671 1300 4734 nocens,
1326 4652 1495 4736 gentisque
1517 4651 1678 4718 nefandae

811 4803 812 4806 ,
833 4754 1007 4821 infaustum
1030 4754 1160 4822 divertit
1181 4755 1251 4821 iter.
1298 4755 1382 4821 redit
1403 4754 1549 4840 improba
1569 4755 1680 4822 Martis

832 4858 959 4942 Syrtica
981 4865 1064 4925 sorte
1086 4877 1216 4941 manus,
1242 4858 1315 4924 telis
1337 4878 1401 4923 non
1423 4859 1546 4943 proelia
1567 4877 1701 4944 poscens

833 4961 892 5026 red
914 4960 1044 5026 dubiam
1065 4967 1221 5045 temptare
1243 4959 1365 5044 fugam.
1413 4962 1597 5047 explorator
1618 4961 1735 5043 ubique

832 5065 994 5129 Romanus
1016 5064 1163 5130 currebat
1184 5084 1301 5146 eques,
1327 5065 1503 5149 mistusque
1527 5065 1649 5130 Latinis

687 5189 735 5230 ιιι
832 5166 915 5234 fidus
937 5173 1007 5234 erat
1027 5167 1158 5250 Macar,
1185 5168 1303 5252 pariter
1325 5167 1463 5250 vestigia
1484 5167 1590 5252 gentis

518 5413 567 5464 410
586 5415 678 5462 moene
691 5415 733 5462 ina
744 5413 823 5462 multa
836 5415 965 5462 stinctum
978 5411 1083 5474 quadam
1096 5412 1216 5474 offuscata
1228 5414 1255 5461 ιἰι
1267 5413 1346 5460 codice
1359 5414 1406 5474 tepi
1418 5415 1468 5460 ium
1480 5419 1611 5476 nequeumt.
1646 5415 1725 5462 multa
1737 5417 1882 5475 orpemnlur
1894 5419 1979 5461 nostra
1991 5415 2071 5472 Belrlr.

448 5499 494 5548 tlt
511 5501 660 5549 conterimur
672 5499 815 5560 Mommsen,
830 5499 997 5548 contrahimur
1012 5499 1032 5545 Τ
1108 5497 1157 5547 413
1170 5499 1307 5546 rlclnariT
1383 5498 1550 5562 turcopulos
1565 5500 1593 5561 Τ,
1608 5501 1809 5562 ιιιρ1ιιιιιιιιι11ιιι
1878 5498 2073 5549 129ιιιι11ιιΤ

447 5586 651 5634 «1311ιιι1ιιιιιΤ
718 5584 765 5635 431
781 5600 865 5634 secum
881 5586 901 5632 Τ
967 5583 1192 5646 renumerares,
1208 5584 1288 5632 neoT
1358 5583 1513 5634 d33natol'
1579 5585 1762 5649 diaprobltate
1776 5583 1865 5644 Moza,
1881 5588 2072 5648 proprietatel'

447 5671 652 5732 lullluguuu
733 5670 778 5721 441
795 5670 932 5732 indiquel'
1012 5673 1081 5730 genti
1096 5672 1180 5732 Bella,
1195 5672 1278 5728 gentis
1294 5672 1315 5718 T
1400 5671 1449 5720 442
1463 5687 1570 5734 usquam
1580 5677 1634 5734 post
1647 5687 1693 5722 nee
1705 5671 1763 5722 odd.
1780 5670 1856 5719 Μιιιι.
1941 5671 2074 5720 dilimar-

446 5759 480 5806 ι1ι
497 5757 523 5815 Τ,
544 5756 581 5818 cs.
596 5758 665 5820 Vera.
680 5759 741 5807 Aea.
758 5757 794 5804 ΧΙ
809 5761 856 5806 111)
960 5756 1007 5806 lli
1028 5770 1076 5805 non
1095 5757 1181 5819 Belle„
1201 5759 1228 5804 ln
1253 5758 1273 5804 Τ
1374 5757 1424 5806 lle
1442 5759 1582 5821 explorator
1600 5756 1689 5820 Mam,
1710 5757 1870 5821 eplorntorT
