4576 6428
1188 416 1366 471 HISTORIA

1098 777 1233 860 LIBER
1258 775 1460 859 TERTIVS.

429 989 442 1048 1
558 986 584 1050 Ι.
617 986 773 1064 Quicum
795 992 903 1050 noster
924 985 1054 1051 libellus
1075 985 1235 1066 legeretur
1256 984 1398 1066 oblatus,
1430 983 1572 1048 veritatis
1603 985 1711 1048 lumen
1733 1004 1933 1066 nequaquam
1957 985 2088 1049 sufferre

473 1090 577 1156 caeeis
600 1089 701 1154 oculis
723 1096 907 1174 potuerunt,
933 1088 1131 1154 insanientes
1153 1088 1284 1153 vocibus
1306 1087 1481 1152 inferendis
1503 1087 1705 1170 graviterque
1729 1087 1885 1170 ferentes,
1912 1106 2009 1168 quare
2032 1105 2090 1150 nos

474 1193 600 1258 nomine
628 1199 735 1257 nostro
763 1191 936 1257 catholicos
966 1191 1150 1257 dixerimus.
1199 1191 1376 1275 Statimque
1406 1191 1594 1256 mentientes
1625 1199 1800 1274 suggerunt
1828 1191 1897 1273 regi
1919 1190 1960 1254 dc
1983 1190 2086 1270 nobis,

474 1317 512 1362 eo
535 1294 618 1380 quod
641 1296 806 1380 strepitum
828 1294 998 1360 fecerimus
1021 1293 1216 1360 audientiam
1239 1295 1411 1377 fugientes.
1459 1294 1520 1372 Qui
1550 1293 1662 1358 eadem
1686 1295 1764 1358 hora
1789 1313 1944 1360 aecensus
1967 1299 1999 1358 et
2021 1313 2123 1358 cre-5

430 1400 450 1461 2
477 1400 556 1466 dens
579 1399 746 1465 mendacio
768 1397 933 1462 festinavit
954 1397 1060 1463 faeere
1083 1398 1168 1480 quod
1190 1399 1329 1462 volebat.
1375 1399 1416 1462 Et
1444 1397 1508 1462 iam
1539 1397 1749 1481 conscriptum
1776 1398 1938 1463 decretum
1968 1397 2091 1486 habens

478 1511 510 1570 et
531 1495 652 1569 occulte
676 1523 746 1568 eum
769 1502 881 1567 eodem
904 1500 1032 1567 decreto
1054 1523 1111 1586 per
1133 1501 1278 1566 diversas
1301 1501 1481 1586 provincias
1505 1520 1579 1565 suos
1602 1501 1745 1566 homines
1769 1500 1912 1584 dirigens
1935 1499 2092 1583 episcopis

479 1595 673 1688 Carthagine
702 1605 815 1688 positis
845 1626 908 1669 una
937 1605 989 1670 die
1019 1606 1187 1670 universae
1210 1605 1339 1669 AfrIcae
1362 1604 1515 1669 ecclesias
1538 1605 1653 1669 elausit
1674 1604 1921 1688 universamque
1944 1604 2093 1668 substan-

477 1711 555 1775 tiam
578 1692 852 1794 episcoporum‘et
873 1709 1080 1774 eeclesiarum
1104 1710 1170 1773 suis
1194 1707 1351 1792 episcopis
1373 1728 1503 1773 munere
1534 1707 1734 1772 condonavit.
1781 1708 1938 1772 Nesciens
1968 1725 2093 1788 quoque

479 1812 557 1896 quid
578 1814 760 1895 loqueretur
780 1832 883 1895 neque
906 1812 946 1877 de
970 1813 1085 1894 quibus
1107 1811 1306 1892 adfirmabat,
1333 1812 1449 1894 legem,
1474 1831 1570 1893 quam
1592 1810 1711 1875 dudum
1728 1810 1901 1876 Christiani
1923 1810 2095 1894 imperato-
2116 1830 2144 1870 m

479 1935 530 1980 res
559 1916 658 1980 nostri
688 1921 797 1981 contra
826 1933 882 1979 cos
911 1920 944 1980 et
965 1922 1074 1980 contra
1095 1915 1176 1980 alios
1198 1913 1375 1979 haereticos
1401 1934 1457 1998 pro
1480 1913 1718 1979 honoriticentia
1740 1914 1895 1980 ecelesiae
1919 1913 2094 1979 catholicae

480 2017 652 2101 dederant,
678 2018 847 2083 adversum
870 2037 927 2083 nos
949 2017 997 2082 illi
1020 2038 1196 2102 proponere
1217 2038 1280 2081 nou
1303 2017 1512 2098 erubuerunt,
1538 2016 1694 2081 addentes
1716 2017 1818 2082 multa
1840 2017 1881 2082 de
1904 2017 1988 2098 suis,
2015 2015 2097 2080 sieut

480 2121 602 2206 placuit
622 2121 808 2204 tyrannicae
830 2120 990 2206 potestati.
1037 2122 1127 2186 Haec
1149 2127 1198 2186 est
1220 2119 1303 2186 enirn
1327 2120 1427 2185 series
1451 2120 1545 2185 datae
1568 2128 1600 2185 et
1621 2120 1802 2205 propositae
1824 2119 1917 2202 legis.

381 2301 383 2310 γ
435 2227 455 2289 3
567 2225 609 2288 Π.
635 2225 704 2288 Rex
718 2224 853 2288 Hunirix
868 2224 1097 2289 Wandalorum
1121 2231 1153 2290 et
1169 2223 1339 2289 Alanorum
1362 2225 1520 2289 universis
1541 2224 1668 2309 populis
1691 2230 1795 2288 nostro
1818 2243 1915 2306 regno
1932 2222 2094 2288 subiectis.

481 2327 699 2412 Triumphalis
729 2327 906 2392 maiestatis
935 2335 966 2393 et
996 2327 1104 2410 regiae
1127 2328 1277 2413 probatur
1299 2346 1371 2393 esse
1394 2327 1536 2410 virtutis,
1562 2327 1702 2392 malain
1724 2334 1869 2392 auctores
1892 2325 2149 2391 consiliare-1⁵

482 2438 638 2513 torquere.
686 2430 837 2512 Quisquis
859 2430 943 2495 enim
966 2431 1089 2514 aliquid
1111 2431 1277 2516 pravitatis
1299 2431 1472 2513 invenerit,
1506 2430 1568 2494 sibi
1591 2431 1744 2515 imputato
1766 2429 1851 2514 quod
1871 2429 2013 2496 incurrit.
2060 2428 2098 2492 In

482 2556 546 2618 qua
568 2555 602 2598 rc
624 2541 734 2598 nutum
758 2532 857 2598 divini
879 2533 990 2600 iudicii
1012 2535 1181 2600 elementia
1196 2540 1303 2599 nostra
1322 2541 1432 2600 secuta
1447 2541 1506 2616 est,
1533 2535 1617 2618 quod
1633 2534 1810 2618 quibusque
1825 2533 1981 2619 personis,
2006 2537 2100 2617 prout

482 2658 590 2704 eornm
613 2637 699 2702 facta
721 2637 902 2720 meruerint,
929 2656 985 2702 sen
1007 2638 1092 2702 bona
1113 2657 1170 2702 seu
1192 2636 1272 2702 forte
1294 2638 1413 2703 talibus
1437 2637 1605 2714 contraria,
1632 2637 1707 2702 dum
1730 2637 1807 2702 facit
1829 2637 1977 2721 expendi,
2004 2635 2099 2701 simul

484 2742 580 2807 etiam
602 2740 749 2826 provenit
771 2741 980 2824 compensari.
1020 2741 1131 2824 Itaque
1153 2740 1204 2805 his
1227 2739 1473 2824 provocantibus
1491 2740 1544 2823 qui
1568 2741 1823 2826 praeceptionem
1845 2740 1974 2805 inclitae
1996 2759 2102 2804 recor-

484 2845 621 2910 dationis
644 2844 744 2929 patn's
766 2843 865 2908 nostri
886 2845 938 2909 vel
961 2843 1215 2909 mansuetudinis
1238 2851 1364 2910 nostrae
1388 2842 1580 2909 crediderint
1601 2863 1673 2908 csse
1695 2843 1908 2926 temnendam,
1935 2863 2101 2908 censuram
2121 2865 2153 2906 ro

439 2953 459 3012 4
486 2948 666 3014 severitatis
695 2946 906 3012 adsumimus
953 2947 1201 3032 Auctoritatibus
1231 2947 1317 3012 enim
1347 2947 1469 3012 eunctis
1498 2947 1624 3032 populis
1653 2946 1786 3012 fecimus
1815 2947 1986 3028 innotesci,
2013 2953 2047 3010 ut
2069 2944 2102 3010 in

486 3051 622 3116 sortibus
644 3049 873 3115 Wandalorum
897 3051 1002 3115 nullos
1025 3057 1198 3116 conventus
1220 3050 1421 3115 homousiani
1444 3051 1625 3116 sacerdotes
1647 3051 1866 3132 adsumerent,
1899 3071 1958 3116 nec
1981 3048 2104 3133 aliquid
2197 3051 2198 3054 ’

487 3155 721 3239 mysteriorum,
748 3174 830 3235 quae
853 3154 956 3236 magis
979 3153 1135 3239 polluunt,
1162 3152 1290 3220 sibimet
1310 3154 1525 3219 vindicarent:
1554 3153 1639 3236 quod
1662 3174 1733 3219 oum
1748 3154 1929 3219 videremus
1952 3173 2023 3219 esse
2046 3174 2105 3218 ne-

487 3259 627 3343 glectum
650 3265 682 3323 et
703 3257 857 3343 plurimos
880 3277 951 3322 esse
974 3265 1133 3341 repertos,
1167 3257 1309 3323 dicentes
1333 3277 1368 3322 se
1389 3258 1548 3341 integram
1570 3258 1714 3341 regulam
1737 3257 1812 3323 fidei
1834 3258 1986 3338 retinere,
2017 3264 2106 3342 post-

488 3361 616 3428 modum
650 3361 815 3426 universos
848 3368 971 3426 constat
1003 3361 1103 3426 fuisse
1132 3361 1355 3444 commonitos,
1392 3362 1495 3446 spatio
1532 3362 1682 3446 temporis
1715 3369 1904 3446 praerogato
1938 3380 2105 3425 mensuum
2126 3383 2158 3424 ‘ra

478 3486 602 3550 ¹novem
625 3485 727 3529 novae
750 3464 960 3546 contentioni,
998 3463 1025 3529 si
1048 3463 1125 3547 quid
1147 3464 1188 3528 ab
1211 3484 1320 3529 eorum
1344 3465 1503 3550 proposito
1526 3472 1635 3548 posset
1656 3465 1777 3549 aptari,
1811 3472 1845 3529 ut
1873 3463 1916 3528 ad
1938 3462 2104 3528 Kalendas

444 3553 475 3632 5'
489 3560 684 3634 Februarias
710 3567 786 3632 anni
808 3567 911 3632 octavi
942 3566 1032 3650 regni
1061 3568 1158 3632 nostri
1181 3567 1249 3632 siue
1278 3575 1365 3632 metu
1393 3567 1500 3651 aliquo
1529 3569 1741 3633 convenirent.
1790 3567 1850 3645 Qui
1874 3567 1949 3632 dum
1978 3567 2040 3631 buc
2061 3565 2104 3630 ad

452 3677 457 3694 '
490 3671 787 3754 Carthaginiensem
817 3669 1011 3736 confluerent
1039 3671 1217 3753 civitatem,
1247 3678 1319 3755 post
1340 3691 1460 3736 moram
1483 3673 1635 3756 temporis
1657 3671 1836 3756 praestituti
1859 3671 1956 3736 aliam
1979 3690 2104 3754 quoque

560 3999 575 4050 2
594 4001 707 4062 Cumque
725 4006 836 4061 nosterp
939 4002 1035 4048 oblatus
1047 4004 1108 4050 met:
1128 4001 1259 4062 legeretur,
1281 4003 1389 4050 oblatum
1409 4017 1459 4051 ver.
1480 4003 1564 4050 lrrmen
1582 4001 1620 4050 ed.
1635 4002 1712 4050 Rata.
1818 3998 1932 4067 ameno]
1949 4004 2072 4062 intuerip

492 4087 664 4136 blnlerendis
681 4087 761 4135 BLV:
783 4087 920 4136 tolerantes
937 4087 983 4147 ap,
1003 4088 1167 4135 infrementes
1186 4087 1431 4148 bortellusetoalyo
1536 4087 1707 4136 ldlrerimus
1720 4087 1764 4136 BL
1867 4087 2074 4149 5strepidumV

491 4187 531 4221 era
550 4173 598 4219 BV
716 4172 876 4221 timendatie
894 4174 931 4234 hp
1034 4175 1110 4222 etiem
1128 4174 1213 4236 Bbltp
1316 4175 1443 4222 decretum
1460 4189 1544 4234 emp
1666 4173 1825 4235 Scartagine
1843 4175 1890 4222 BV
1991 4175 2108 4223 eeclesias

491 4255 594 4325 clausit]
613 4259 743 4320 Appeadte
763 4259 852 4308 Cbron.
876 4259 1007 4319 Carthaea
1030 4274 1093 4321 qnae
1111 4261 1230 4308 eeclesiae
1249 4263 1352 4308 luemnt
1370 4261 1467 4308 clausae
1485 4262 1558 4308 annis
1577 4273 1594 4307 x
1613 4263 1743 4309 mensibus
1761 4274 1787 4307 vr
1806 4262 1894 4308 dietus
1912 4275 1936 4320 v,
1958 4262 2002 4308 lroc
2020 4267 2060 4308 est
2077 4263 2109 4308 ab

492 4351 578 4394 octauo
595 4358 660 4394 auno
678 4345 813 4406 Hunorici,
833 4346 858 4393 ld
876 4351 915 4394 est
933 4360 965 4393 ex
983 4345 1025 4394 die
1043 4359 1080 4393 vrr
1098 4346 1136 4396 Id.
1157 4347 1229 4394 Febr.
1249 4348 1374 4408 usquein
1393 4346 1518 4394 deotmum
1535 4360 1629 4394 annum
1647 4348 1711 4405 regis
1730 4347 1902 4394 Guntamundl
1920 4349 1946 4394 lu
1964 4348 2006 4395 die
2025 4360 2050 4393 rr
2069 4347 2107 4395 Id.

494 4434 557 4492 Aug.
664 4430 802 4480 9mnnera
819 4432 894 4480 Bam.
1004 4431 1029 4480 ll
1052 4447 1097 4494 per
1115 4433 1360 4494 honorificentlamp
1466 4432 1496 4481 12
1515 4433 1685 4481 dederantR:
1704 4434 1827 4481 dederunt
1843 4448 1869 4494 p,
1891 4433 2111 4494 promulgauerunt

493 4518 522 4581 L,
543 4532 591 4567 em.
610 4517 658 4565 BV
770 4517 800 4566 13
820 4520 974 4580 praepositae
994 4525 1066 4581 (pre.
1083 4520 1100 4580 .)
1122 4519 1166 4567 BR
1269 4516 1344 4585 legis]
1363 4534 1423 4580 qaue
1442 4523 1572 4580 composita
1590 4525 1625 4568 eat
1642 4533 1670 4568 aa
1688 4520 1780 4580 lapitas
1798 4520 1826 4566 de
1844 4519 1968 4570 dometicis
1987 4522 2014 4566 in
2030 4518 2111 4566 codiee

496 4603 658 4652 Tteodctlane
678 4604 747 4665 XVI,
768 4606 805 4653 tlt.
826 4607 841 4652 t
948 4604 977 4654 ll
996 4606 1099 4653 hunlrlx
1117 4605 1201 4652 BltV:
1225 4606 1359 4654 huneric'ns
1378 4607 1424 4668 Lp,
1440 4603 1558 4655 'Hunerix
1577 4605 1615 4656 ed.
1636 4606 1711 4654 Rata.
1819 4605 1849 4654 15
1868 4607 2007 4654 meleeteth
2025 4606 2108 4656 etad.

495 4691 570 4738 Itala.
609 4694 634 4737 et
652 4692 787 4738 malestatis
809 4691 961 4750 [magestatis
980 4691 1009 4750 Ill
1031 4692 1124 4752 BRVp,
1144 4697 1170 4739 et
1187 4695 1324 4740 malestatis
1343 4694 1408 4740 etL
1541 4691 1573 4741 16
1591 4693 1722 4753 prauitatis
1740 4693 1869 4754 aliquidp
1989 4693 2112 4755 Imputato

496 4776 646 4824 Mommsen:
665 4778 774 4837 Imputat
789 4776 906 4838 BLRVp,
926 4779 1035 4839 Imputat
1048 4779 1294 4839 Lorichr'ucctaulpo
1398 4780 1497 4841 qnidl'
1601 4778 1630 4827 17
1649 4785 1746 4841 nutup
1850 4786 1889 4828 est
1906 4775 1982 4845 quod]
2000 4794 2131 4841 prop·

494 4865 588 4926 quibua
604 4877 630 4923 p,
651 4863 743 4924 quibus
762 4877 841 4924 nsque
860 4863 882 4910 R
997 4863 1027 4913 ts
1046 4865 1105 4912 dum
1125 4903 1154 4918 .,
1175 4867 1328 4927 compensari
1345 4882 1393 4915 om.
1410 4883 1427 4927 p
1530 4867 1653 4927 suspendi
1670 4866 1696 4926 V,
1717 4864 1878 4927 expenditlt
1982 4866 2057 4914 etiam
2075 4869 2111 4914 si-

496 4949 587 4998 mull'
702 4946 732 4997 lo
750 4950 950 5011 praeceptlonorn
969 4950 1075 4998 BLRV:
1095 4959 1179 4999 contra
1197 4955 1397 5013 praeceptionem
1414 4967 1430 5012 p
1448 4957 1470 4999 et
1487 4954 1561 5012 vulpe
1682 4952 1714 5000 211
1733 4953 1810 5000 nostri
1827 4953 1948 5012 patrlsl'
2060 4967 2113 5001 cre-

494 5037 614 5084 dlderunt
638 5050 656 5096 p
794 5037 953 5085 temnendam
979 5037 1014 5084 L:
1042 5038 1219 5100 tempneudam
1242 5039 1275 5100 V,
1303 5039 1435 5086 tenendam
1459 5039 1496 5098 B,
1526 5039 1686 5087 retenendam
1706 5039 1742 5101 n,
1770 5039 1929 5086 renitendum
1950 5055 1968 5100 p
1993 5045 2016 5087 et
2038 5043 2113 5100 aalys

425 5159 426 5162 η
495 5121 525 5172 21
546 5124 666 5183 ignotesci
685 5122 708 5168 11
822 5121 853 5171 22
873 5123 999 5171 nulluall
1102 5124 1229 5171 omousion
1249 5124 1278 5183 Il,
1300 5125 1463 5185 homousiup
1578 5126 1610 5174 23
1629 5126 1767 5174 necleetum
1786 5124 1833 5171 BV
1946 5123 2113 5175 2411181111-

496 5210 577 5269 gulam
593 5222 610 5268 p
628 5215 651 5257 et
668 5207 743 5268 valeo
864 5209 989 5257 custodite
1007 5209 1048 5257 nel
1066 5212 1208 5269 retinerep
1329 5212 1486 5272 postmodnm
1505 5227 1588 5274 emp
1637 5215 1642 5224 “
1722 5211 1753 5259 25
1772 5212 1854 5272 specle
1873 5247 1901 5260 ..
1922 5218 2062 5273 praerogato
2082 5212 2112 5274 L,

497 5297 576 5358 spatia
597 5295 635 5356 (ad
653 5295 737 5355 spacia
753 5294 778 5354 p)
801 5331 806 5342 .
824 5331 830 5342 .
851 5301 993 5357 praerogata
1010 5295 1105 5355 BRVp,
1125 5295 1186 5356 fort.
1207 5297 1286 5358 spatlo
1306 5333 1312 5345 .
1330 5332 1335 5344 .
1355 5303 1480 5358 prorogato
1583 5311 1715 5346 mensuum
1727 5297 1790 5342 BV:
1810 5311 1922 5346 mensum
1939 5299 1969 5358 R,
1990 5301 2114 5347 mensium

497 5383 534 5442 hp
552 5387 576 5429 et
592 5381 667 5440 culpo
772 5377 804 5426 211
824 5393 915 5427 nouem
934 5394 1014 5428 nouae
1032 5383 1186 5429 contentionl
1205 5384 1361 5441 scripsimus:
1382 5398 1472 5433 nouem
1490 5397 1553 5446 qnae
1571 5384 1739 5432 contentionis
1757 5381 1821 5442 libri,
1842 5387 1891 5431 nisi
1908 5384 1970 5445 qaod
1985 5385 2034 5431 BV
2051 5399 2115 5433 none

495 5481 540 5528 pre
557 5468 623 5514 noue
640 5470 663 5512 et
681 5464 718 5525 Lp
736 5479 785 5526 qne
802 5480 847 5525 pro
865 5480 928 5526 quae
947 5467 1050 5523 habeam
1070 5480 1159 5514 nouem
1178 5481 1308 5530 nonaeque
1325 5471 1493 5518 contentIouIe
1510 5469 1549 5518 cd.
1564 5471 1640 5519 Itala.
1660 5471 1682 5516 et
1700 5470 1783 5531 valyo,
1805 5470 1830 5515 iu
1851 5485 1900 5530 qao
1917 5473 2039 5532 scriptam
2056 5485 2115 5519 con-

497 5555 655 5613 iunctisque
673 5565 724 5599 aon
742 5549 845 5609 ferendo
863 5557 898 5599 cat
1001 5554 1032 5599 ab
1050 5567 1133 5600 eorum
1153 5557 1277 5616 proposito
1290 5555 1398 5603 IlLllV:
1417 5557 1447 5604 ad
1466 5571 1549 5604 eornm
1567 5557 1692 5620 proposita
1707 5571 1724 5616 p
1742 5561 1765 5603 et
1777 5558 1851 5615 vulpe
1954 5560 2032 5620 posslt
2044 5559 2083 5618 Rp

498 5639 528 5689 27
548 5638 696 5686 frebruarlas
714 5637 745 5696 B,
765 5637 863 5685 scilicet
881 5639 1052 5698 februariasp
1158 5641 1255 5701 aliquod
1275 5641 1321 5687 BV
1423 5643 1455 5690 28
1474 5643 1696 5701 carthagirdensem
1717 5643 1753 5688 R:
1779 5643 1991 5702 carthaginensem
2014 5647 2116 5704 (cartug-

498 5725 557 5788 RV}
580 5722 663 5782 otvp
767 5723 911 5770 ciuitatell
