4576 6428
463 461 503 519 sa
759 455 937 513 maroam
956 459 1059 514 raas.
1080 457 1340 518 wnunnmcnn
1358 459 1402 514 nr
1419 459 1432 526 s
1451 461 1550 512 ιιι-ιι
1573 460 1609 525 ιν
1628 475 1652 513 e.
1673 463 1714 510 ao.
1736 459 1788 522 ιη.

464 647 679 712 sollicitudine
702 647 954 714 commendatis?
998 649 1066 730 Tu,
1094 655 1203 714 sancte
1225 649 1342 731 Paule,
1375 648 1518 734 gentium
1542 648 1709 731 magister,
1742 649 1797 732 qui
1820 648 1861 713 ab
1884 647 2085 712 Hierusalem

464 769 565 833 usquc
588 750 630 816 ad
645 750 809 835 illyricum
833 750 1026 836 praedicasti
1049 752 1254 835 evangelium
1276 752 1339 834 dei,
1367 771 1521 836 cognosce
1544 751 1622 836 quid
1636 751 1786 817 wandali
1810 751 1933 818 faciunt
1946 750 2083 832 Arriani,

464 860 496 918 et
517 852 574 918 filii
596 854 643 919 tui
665 861 797 938 gemunt
818 854 960 938 lugendo
983 851 1128 940 captivit
1145 855 1349 940 universique
1371 855 1571 939 ingemiscite
1595 854 1696 921 sancti
1718 854 1812 920 simul
1827 873 1884 938 pro
1899 852 1992 918 nobis
2006 873 2087 936 apo-

396 957 437 1015 70
463 956 548 1022 stoli.
576 957 640 1022 Sed
655 956 774 1022 scimus
789 957 865 1040 quia
879 956 1045 1040 indiguum
1061 965 1112 1025 est
1124 957 1215 1024 vobis
1231 959 1391 1044 pronubis
1403 978 1503 1040 orare,
1523 959 1598 1042 quia
1613 959 1686 1040 ista,
1705 978 1788 1042 quac
1803 963 1978 1044 evenemnt
1993 954 2085 1022 nobis

463 1059 505 1124 ad
528 1059 756 1142 probationem,
782 1081 844 1127 non
867 1061 1025 1144 quomodo
1048 1062 1179 1144 sanctis,
1206 1061 1263 1127 sed
1280 1061 1373 1127 malis
1388 1062 1511 1128 meritis
1535 1060 1695 1147 supplicia
1717 1061 1925 1127 debebantur.
1968 1059 2033 1124 Sed
2054 1064 2120 1124 ete

463 1182 518 1246 pro
533 1162 627 1228 malis
643 1169 730 1229 orate
752 1163 817 1230 iam
833 1164 919 1247 liliis,
946 1164 1023 1248 qnia
1045 1173 1078 1232 et
1093 1165 1239 1232 Christus
1254 1165 1357 1231 oravit
1379 1165 1474 1252 etiam
1497 1185 1555 1250 pro
1577 1165 1715 1232 inimicis
1738 1164 1877 1230 Iudaeis.
1919 1162 2088 1228 Sufficiant

463 1265 667 1350 castigationi
682 1288 765 1351 quae
786 1267 870 1334 iuste
892 1267 993 1334 inlata
1016 1275 1090 1337 sunt
1105 1268 1198 1335 nobis
1221 1275 1253 1335 et
1274 1269 1337 1334 iam
1360 1269 1489 1351 iamque
1505 1268 1764 1353 delinquentibus
1779 1268 1875 1336 venia
1890 1267 2081 1352 postuletur:

464 1369 589 1435 dicatur
603 1371 720 1453 angelo
734 1371 942 1455 percutienti:
970 1371 1098 1455 suflicit,
1124 1371 1187 1438 iam
1212 1373 1323 1439 cohibe
1347 1392 1476 1438 manum
1499 1379 1599 1438 tuam.
1647 1372 1725 1451 Quis
1748 1373 1874 1456 ignoret
1894 1371 1975 1438 baec
1995 1370 2087 1435 nobis

465 1474 649 1557 probrorum
672 1479 851 1540 nostrorum
874 1476 997 1541 scelera
1027 1494 1232 1561 procurasse,
1265 1474 1488 1542 aberrantibus
1511 1497 1531 1544 a
1553 1474 1713 1542 mandatis
1736 1475 1789 1542 dei
1812 1482 1844 1542 et
1864 1474 1898 1539 in
1922 1475 1995 1558 lege
2018 1472 2088 1540 eius

464 1578 646 1643 nolentibus
668 1579 855 1644 ambulare?
900 1579 967 1646 Sed
988 1578 1136 1664 prostrati
1159 1599 1320 1663 rogamus,
1348 1587 1383 1645 ut
1405 1600 1467 1644 non
1490 1579 1647 1664 spernatis
1670 1586 1794 1645 vestros
1815 1579 1950 1644 miseros
1971 1596 2086 1662 pecca-
2108 1593 2136 1634 ιο

463 1687 558 1763 tores,
583 1701 640 1766 per
662 1701 734 1748 eum
757 1682 813 1766 qui
835 1701 892 1749 vos
915 1682 1190 1768 adapostolicam
1213 1683 1339 1749 culmen
1362 1682 1509 1768 provexit
1526 1683 1669 1762 ,humiles
1690 1682 1877 1768 piscatores.

398 1802 433 1860 71
551 1803 643 1867 XXI.
673 1802 802 1885 [Tenuit
823 1803 1090 1869 sceleratissimus
1112 1803 1284 1869 Huniricus
1306 1803 1554 1870 dominationem
1577 1804 1668 1887 regni
1691 1803 1784 1869 annis
1807 1809 1940 1888 septem,
1965 1801 2087 1867 mensi-

463 1906 524 1970 bus
554 1904 684 1987 decom,
716 1904 902 1972 meritorum
932 1925 1060 1972 suorum
1091 1914 1224 1973 mortem
1252 1925 1487 1972 consummans.
1535 1907 1618 1972 Nam
1648 1907 1846 1992 putrefactus
1871 1913 1904 1972 et
1925 1904 2086 1971 ebulliens

464 2009 643 2092 vermibus,
676 2030 739 2075 non
769 2029 901 2094 corpus,
932 2009 990 2076 scd
1019 2017 1127 2096 partes
1157 2012 1297 2096 corporis
1324 2010 1393 2076 cius
1417 2009 1567 2076 videntur
1588 2029 1661 2077 esse
1682 2011 1839 2097 sepultae.
1888 2008 2007 2075 Sedet
2029 2009 2085 2074 ille

464 2112 548 2196 legis
571 2112 667 2179 datae
689 2120 888 2178 transversor
910 2133 951 2179 ex
973 2113 1225 2180 Donatianornm
1249 2113 1377 2180 haeresi
1398 2113 1442 2180 ad
1464 2133 1520 2181 eos
1542 2113 1674 2181 veniens
1696 2113 1857 2198 quondam
1879 2112 2029 2179 Nicasius
2051 2113 2086 2176 in
2107 2129 2136 2170 ιι

380 2245 383 2254 ·
464 2215 554 2281 brevi
576 2215 675 2281 simili
695 2222 795 2283 morte
818 2215 935 2302 periit]

533 2545 548 2595 2
567 2547 595 2595 sd
615 2561 663 2598 orn.
684 2545 722 2608 Bp
842 2546 967 2607 ylliricum
986 2546 1063 2608 BLB,
1083 2547 1202 2595 illirlcum
1218 2562 1236 2608 p
1362 2559 1467 2608 agnosce
1484 2548 1552 2611 quod
1568 2564 1586 2610 p
1706 2548 1797 2597 arrisul
1815 2549 1879 2597 aret:
1898 2553 1923 2597 et
1940 2548 2026 2596 Arlsul
2045 2549 2083 2598 ed.

464 2634 541 2683 Buta.
647 2635 662 2682 3
682 2629 787 2700 captiui]
805 2633 900 2682 adlata
918 2638 977 2682 caat
994 2636 1021 2682 ia
1037 2634 1076 2684 ed.
1096 2634 1174 2683 Ruta.
1193 2635 1274 2682 molo
1292 2647 1321 2682 ex
1338 2647 1386 2696 quc
1403 2635 1483 2684 codiee
1498 2637 1576 2697 petita
1593 2635 1650 2683 boec
1666 2634 1755 2683 uerba:
1774 2635 1812 2684 Tu
1827 2634 1895 2684 Petri
1912 2648 2038 2696 germane,
2059 2641 2085 2682 ct

465 2735 513 2769 non
532 2721 559 2768 in
576 2722 691 2782 passione
708 2720 801 2782 disper,
821 2720 925 2779 gloriose
943 2718 1055 2782 Andrea,
1075 2721 1119 2781 qui
1138 2719 1310 2782 interpreteris
1329 2719 1418 2783 vlrilis,
1438 2721 1555 2784 quonlam
1574 2721 1679 2770 uiriliter
1694 2722 1802 2782 certutl,
1823 2721 1951 2770 considers
1961 2723 2085 2780 gemitum

465 2806 573 2856 biriceui
591 2807 686 2869 populi,
708 2812 733 2854 ct
751 2820 800 2855 non
819 2805 951 2869 displiceat
968 2806 1024 2867 tibi,
1046 2808 1090 2856 sed
1109 2807 1234 2854 interveni
1253 2820 1296 2868 pro
1314 2807 1385 2856 nobis
1403 2808 1432 2855 sd
1451 2808 1542 2858 Deum.
1665 2807 1680 2855 l
1699 2813 1738 2856 est
1754 2821 1803 2856 om.
1824 2806 1846 2854 R
1957 2820 2021 2869 quae
2040 2821 2086 2855 ue-

465 2898 556 2942 neruut
573 2892 668 2955 BLVp,
689 2907 738 2954 qus
755 2892 938 2942 eueneruntll
1042 2892 1113 2942 noble
1130 2905 1178 2940 om.
1198 2892 1219 2939 V
1333 2892 1348 2941 5
1366 2893 1396 2942 sd
1416 2894 1585 2957 probationem
1604 2907 1653 2943 uon
1671 2893 1709 2941 B:
1729 2907 1778 2942 non
1795 2907 1843 2943 om.
1865 2893 1918 2954 BV,
1939 2894 1971 2942 sd
1988 2895 2083 2956 probat.

464 2995 513 3029 om.
531 2994 558 3040 p,
579 2993 627 3027 non
646 2980 676 3027 ad
695 2979 864 3042 probationem
884 2978 905 3027 L
922 2983 945 3027 et
963 2981 1037 3040 υιιιρο
1170 2977 1246 3040 liqui
1265 2985 1292 3027 et
1309 2979 1367 3027 BV¹
1500 2979 1513 3026 7
1533 2980 1563 3027 sd
1582 2980 1803 3041 castigationemp
1923 2985 1949 3027 et
1966 2995 2015 3030 om.
2035 2994 2051 3040 p

432 3116 435 3124 ,
465 3065 644 3128 ildicstnrque
662 3065 699 3114 ed.
716 3065 793 3113 licia.
899 3063 1320 3126 ignoretmei:lgnorsted.1m.
1340 3067 1455 3128 etmlpo
1558 3065 1574 3114 9
1591 3071 1617 3115 et
1634 3079 1681 3114 om.
1698 3066 1719 3113 L
1825 3065 1856 3116 10
1874 3066 2052 3128 uolentibusp

464 3158 603 3214 precatores
620 3153 684 3200 cosi.
706 3151 842 3200 Baiacrtas
948 3149 975 3200 11
997 3165 1041 3213 per
1058 3164 1117 3200 anm
1135 3149 1190 3212 ap.-
1208 3164 1257 3204 om.
1278 3151 1362 3211 BLV,
1384 3153 1525 3215 suppletum
1542 3157 1577 3201 ssi
1595 3155 1623 3202 iss
1640 3152 1769 3202 mapaliis
1787 3152 1855 3201 libris
1872 3157 1930 3201 teste
1947 3153 2083 3202 desnrto:

465 3239 581 3290 utillum
599 3252 642 3300 pro
661 3238 731 3287 nobis
749 3236 875 3300 deprecari
894 3239 1040 3298 dignemini,
1061 3239 1106 3300 qui
1124 3241 1169 3287 etc.
1275 3239 1384 3289 humiles
1401 3239 1584 3302 peccatoresli
1700 3238 1730 3288 12
1748 3240 1882 3288 hunericus
1901 3238 1930 3300 R,
1952 3240 2087 3290 hunericus

466 3324 504 3386 Lp
521 3329 545 3372 si
561 3325 636 3385 vulgo
739 3329 836 3386 septem
855 3330 880 3372 ct
898 3325 1062 3386 mensibusp
1186 3323 1215 3373 13
1234 3332 1311 3374 morte
1330 3325 1368 3388 ap
1472 3341 1621 3375 consumens
1642 3325 1693 3386 Lll,
1714 3331 1934 3386 consummstnsp
2037 3341 2086 3388 pu·

464 3408 571 3460 tratactu
592 3409 612 3458 L
725 3410 833 3458 bulliens
854 3409 893 3471 ns
1016 3409 1046 3459 14
1065 3411 1109 3459 sed
1127 3417 1153 3458 et
1171 3410 1226 3471 Rp.-
1246 3412 1288 3459 sed
1308 3411 1386 3472 BLV,
1408 3412 1478 3462 Sicut
1495 3412 1533 3462 sd.
1555 3413 1631 3461 licia.
1752 3411 1781 3461 15
1800 3412 1862 3472 legis
1879 3411 1936 3459 dats
1957 3411 2034 3473 (dator
2053 3411 2083 3470 L)

464 3503 491 3545 ct
508 3502 649 3545 transuerso
667 3510 710 3544 rex
732 3497 895 3554 (transuersos
912 3511 944 3544 er
965 3497 993 3556 L]
1014 3496 1203 3544 donatianorum
1225 3497 1422 3554 (donationorum
1440 3499 1472 3560 Vl
1493 3499 1601 3547 heresim
1623 3499 1713 3558 (heresi
1727 3497 1757 3557 L)
1777 3498 1807 3546 sd
1826 3511 1867 3545 eos
1886 3497 1992 3546 ueniens
2009 3511 2087 3558 quorr-

465 3583 519 3630 dem
540 3583 647 3630 rrioesiue
666 3581 755 3643 BLV¹‚
782 3583 844 3643 legis
869 3583 939 3630 datae
963 3588 1128 3642 transgressor
1147 3597 1188 3630 rex
1209 3583 1396 3633 donatianorum
1416 3585 1541 3633 heresium
1560 3585 1590 3633 sd
1608 3598 1650 3632 eos
1668 3585 1775 3632 ueniens
1793 3583 1916 3646 quondam
1934 3581 2034 3631 acasius
2053 3583 2083 3634 fr.

465 3669 508 3716 illa
526 3669 582 3729 lege
599 3669 656 3718 duta
675 3673 700 3717 ot
719 3675 859 3716 transuersa
876 3683 921 3716 τοι
940 3670 1121 3716 decretistarum
1140 3670 1221 3718 bereri
1239 3670 1269 3717 ad
1287 3683 1328 3718 eos
1347 3671 1453 3719 ueniens
1470 3671 1592 3732 quondam
1612 3670 1721 3718 nicasius
1746 3670 1765 3716 V
1780 3683 1841 3718 corr.
1854 3686 1888 3718 m.
1905 3671 1928 3728 ἱ),
1948 3670 2011 3730 legis
2028 3669 2087 3718 date

466 3761 630 3815 transgressor
648 3769 692 3802 rex
711 3755 809 3802 denudo
827 3767 947 3802 nonarum
966 3755 1092 3803 bereslnrn
1110 3756 1250 3806 adueniens
1268 3756 1390 3818 quondam
1410 3764 1439 3804 ut
1456 3759 1540 3806 asinus
1557 3771 1583 3818 p,
1603 3757 1666 3814 legis
1682 3755 1753 3804 dctus
1764 3761 1929 3816 mmsgressor
1941 3755 1995 3805 Rex
2007 3769 2087 3816 quon-

464 3842 520 3888 daur
540 3847 568 3888 ut
585 3843 672 3889 seirius
690 3841 805 3902 sepultus
824 3847 876 3904 cat,
904 3841 939 3888 lta
957 3843 1005 3888 iste
1022 3840 1060 3890 ed.
1081 3841 1157 3890 Rasin.
1178 3844 1334 3902 ineptissime.
1374 3845 1442 3902 Orsus
1457 3847 1513 3902 post
1531 3843 1731 3890 lamentationem
1753 3843 1776 3900 [5
1793 3843 1901 3902 rit-70)
1924 3841 1954 3891 de
1971 3841 2087 3890 Honesta·

464 3931 538 3975 saeris
560 3929 584 3984 [ἕ
604 3928 643 3986 71}
664 3911 757 3974 adiectu
776 3931 847 3986 suat,
867 3933 951 3987 postea
969 3926 1055 3974 addita
1073 3926 1200 3987 uideatur,
1220 3933 1248 3975 at
1265 3934 1326 3977 recte
1344 3931 1439 3977 monuit
1457 3928 1534 3989 Eteri,
1559 3927 1642 3977 Gssrb.
1662 3928 1704 3976 der
1721 3927 1938 3977 christliclr-lotein.
1961 3928 2086 3976 Literatar

461 4029 488 4074 p.
503 4014 552 4061 ror
570 4017 622 4062 not.
636 4014 670 4061 3:
690 4011 755 4075 qaod
773 4015 794 4062 si
811 4027 895 4060 verum
912 4017 956 4072 esi,
976 4015 1065 4062 notitia
1084 4016 1153 4075 quusi
1169 4015 1337 4075 extemporalis
1356 4016 1385 4063 de
1397 4017 1440 4064 ilio
1452 4015 1548 4063 Nicasio
1560 4017 1643 4063 missas
1655 4015 1719 4062 miro
1729 4013 1857 4063 videbitur.
1967 4012 1997 4062 16
2014 4014 2084 4062 brebi

463 4099 487 4145 B
589 4099 666 4160 periit
683 4111 785 4148 nxnnrc.
806 4099 837 4159 B,
857 4100 941 4162 periit.
961 4111 1063 4149 nxrnrc.
1083 4111 1135 4147 nra.
1157 4113 1198 4148 ιιι.
1219 4099 1274 4162 dp,-
1294 4100 1343 4148 RV
1357 4101 1531 4163 usbraipticne
1548 4104 1648 4158 ccrentr
1668 4103 1694 4149 ιἰι
1711 4100 1822 4148 ammom
1833 4103 1893 4149 meis
1904 4101 2012 4161 sepultus
2028 4113 2084 4160 pue

464 4187 500 4232 sic
523 4183 573 4232 l'11
589 4188 734 4248 marsyam.
