<?xml version="1.0" encoding="UTF-8"?>
<!DOCTYPE html PUBLIC "-//W3C//DTD XHTML 1.0 Transitional//EN"
    "http://www.w3.org/TR/xhtml1/DTD/xhtml1-transitional.dtd">
<html xmlns="http://www.w3.org/1999/xhtml" xml:lang="en" lang="en">
 <head>
  <title>
</title>
<meta http-equiv="Content-Type" content="text/html;charset=utf-8" />
  <meta name='ocr-system' content='tesseract 3.04.00' />
  <meta name='ocr-capabilities' content='ocr_page ocr_carea ocr_par ocr_line ocrx_word'/>
</head>
<body>
  <div class='ocr_page' id='page_1' title='image "./monumentagerman08mittgoog_0051.png"; bbox 0 0 4576 6428; ppageno 0'>
   <div class='ocr_carea' id='block_1_1' title="bbox 412 415 1310 486">
    <p class='ocr_par' dir='ltr' id='par_1_1' title="bbox 412 415 1310 486">
     <span class='ocr_line' id='line_1_1' title="bbox 412 415 1310 486; baseline 0.001 -15"><span class='ocrx_word' id='word_1_1' title='bbox 412 425 452 486; x_wconf 81' lang='lat'>34</span> <span class='ocrx_word' id='word_1_2' title='bbox 1131 415 1310 472; x_wconf 82' lang='lat' dir='ltr'>nrsronm</span> 
     </span>
    </p>
   </div>
   <div class='ocr_carea' id='block_1_2' title="bbox 346 607 2082 3773">
    <p class='ocr_par' dir='ltr' id='par_1_2' title="bbox 412 607 2032 1003">
     <span class='ocr_line' id='line_1_2' title="bbox 412 607 2024 694; baseline -0.002 -18"><span class='ocrx_word' id='word_1_3' title='bbox 412 610 468 676; x_wconf 87' lang='lat' dir='ltr'>Ait</span> <span class='ocrx_word' id='word_1_4' title='bbox 487 630 643 694; x_wconf 91' lang='lat' dir='ltr'>namque:</span> <span class='ocrx_word' id='word_1_5' title='bbox 677 618 761 677; x_wconf 90' lang='lat' dir='ltr'>tres</span> <span class='ocrx_word' id='word_1_6' title='bbox 783 617 880 677; x_wconf 89' lang='lat' dir='ltr'>sant</span> <span class='ocrx_word' id='word_1_7' title='bbox 899 610 970 694; x_wconf 92' lang='lat' dir='ltr'>qni</span> <span class='ocrx_word' id='word_1_8' title='bbox 991 608 1279 676; x_wconf 86' lang='lat' dir='ltr'>testimouium</span> <span class='ocrx_word' id='word_1_9' title='bbox 1302 608 1526 694; x_wconf 83' lang='lat' dir='ltr'>perhibent</span> <span class='ocrx_word' id='word_1_10' title='bbox 1547 608 1588 674; x_wconf 94' lang='lat' dir='ltr'>in</span> <span class='ocrx_word' id='word_1_11' title='bbox 1611 607 1747 691; x_wconf 90' lang='lat' dir='ltr'>caelo,</span> <span class='ocrx_word' id='word_1_12' title='bbox 1773 614 1911 694; x_wconf 89' lang='lat' dir='ltr'>pater,</span> <span class='ocrx_word' id='word_1_13' title='bbox 1936 627 2024 673; x_wconf 88' lang='lat' dir='ltr'>vcr-</span> 
     </span>
     <span class='ocr_line' id='line_1_3' title="bbox 412 711 2032 799; baseline -0.001 -20"><span class='ocrx_word' id='word_1_14' title='bbox 412 714 503 779; x_wconf 92' lang='lat' dir='ltr'>bam</span> <span class='ocrx_word' id='word_1_15' title='bbox 525 721 564 780; x_wconf 92' lang='lat' dir='ltr'>et</span> <span class='ocrx_word' id='word_1_16' title='bbox 584 715 761 799; x_wconf 91' lang='lat' dir='ltr'>spiritus</span> <span class='ocrx_word' id='word_1_17' title='bbox 784 721 973 796; x_wconf 86' lang='lat' dir='ltr'>sanctus,</span> <span class='ocrx_word' id='word_1_18' title='bbox 992 721 1039 784; x_wconf 20' lang='lat' dir='ltr'>*et</span> <span class='ocrx_word' id='word_1_19' title='bbox 1060 712 1102 777; x_wconf 93' lang='lat' dir='ltr'>hi</span> <span class='ocrx_word' id='word_1_20' title='bbox 1123 719 1209 777; x_wconf 84' lang='lat' dir='ltr'>tres</span> <span class='ocrx_word' id='word_1_21' title='bbox 1235 731 1354 776; x_wconf 91' lang='lat' dir='ltr'>unum</span> <span class='ocrx_word' id='word_1_22' title='bbox 1377 720 1483 778; x_wconf 90' lang='lat' dir='ltr'>sunt.</span> <span class='ocrx_word' id='word_1_23' title='bbox 1521 711 1686 794; x_wconf 87' lang='lat' dir='ltr'><strong>Numquid</strong></span> <span class='ocrx_word' id='word_1_24' title='bbox 1707 711 1769 777; x_wconf 93' lang='lat' dir='ltr'>ait:</span> <span class='ocrx_word' id='word_1_25' title='bbox 1794 717 1860 776; x_wconf 88' lang='lat' dir='ltr'>tres</span> <span class='ocrx_word' id='word_1_26' title='bbox 1881 711 1915 776; x_wconf 94' lang='lat' dir='ltr'>in</span> <span class='ocrx_word' id='word_1_27' title='bbox 1937 711 2032 778; x_wconf 88' lang='lat' dir='ltr'>diffe-</span> 
     </span>
     <span class='ocr_line' id='line_1_4' title="bbox 413 814 2032 900; baseline -0.001 -19"><span class='ocrx_word' id='word_1_28' title='bbox 413 817 494 882; x_wconf 84' lang='lat' dir='ltr'><strong>renti</strong></span> <span class='ocrx_word' id='word_1_29' title='bbox 531 818 726 900; x_wconf 89' lang='lat' dir='ltr'>acqualitate</span> <span class='ocrx_word' id='word_1_30' title='bbox 763 818 898 883; x_wconf 89' lang='lat' dir='ltr'>seiuncti</span> <span class='ocrx_word' id='word_1_31' title='bbox 935 825 991 882; x_wconf 91' lang='lat' dir='ltr'>aut</span> <span class='ocrx_word' id='word_1_32' title='bbox 1023 817 1218 900; x_wconf 81' lang='lat' dir='ltr'>quibuslibet</span> <span class='ocrx_word' id='word_1_33' title='bbox 1250 814 1469 881; x_wconf 76' lang='lat' dir='ltr'>diversitatum</span> <span class='ocrx_word' id='word_1_34' title='bbox 1507 815 1661 898; x_wconf 82' lang='lat' dir='ltr'>gradibus</span> <span class='ocrx_word' id='word_1_35' title='bbox 1693 814 1789 898; x_wconf 85' lang='lat' dir='ltr'>longo</span> <span class='ocrx_word' id='word_1_36' title='bbox 1822 814 2032 900; x_wconf 79' lang='lat' dir='ltr'>separationis</span> 
     </span>
     <span class='ocr_line' id='line_1_5' title="bbox 413 918 1355 1003; baseline 0 -20"><span class='ocrx_word' id='word_1_37' title='bbox 413 918 581 984; x_wconf 88' lang='lat' dir='ltr'>intervallo</span> <span class='ocrx_word' id='word_1_38' title='bbox 605 919 722 985; x_wconf 78' lang='lat' dir='ltr'>divisit</span> <span class='ocrx_word' id='word_1_39' title='bbox 745 920 813 1001; x_wconf 87' lang='lat' dir='ltr'>sed,</span> <span class='ocrx_word' id='word_1_40' title='bbox 839 928 943 1003; x_wconf 90' lang='lat' dir='ltr'>tres,</span> <span class='ocrx_word' id='word_1_41' title='bbox 969 919 1081 1003; x_wconf 90' lang='lat' dir='ltr'>inquit,</span> <span class='ocrx_word' id='word_1_42' title='bbox 1107 939 1226 983; x_wconf 91' lang='lat' dir='ltr'>unum</span> <span class='ocrx_word' id='word_1_43' title='bbox 1249 925 1355 983; x_wconf 87' lang='lat' dir='ltr'>sunt.</span> 
     </span>
    </p>

    <p class='ocr_par' dir='ltr' id='par_1_3' title="bbox 347 1019 2082 2239">
     <span class='ocr_line' id='line_1_6' title="bbox 347 1019 2064 1106; baseline -0.003 -20"><span class='ocrx_word' id='word_1_44' title='bbox 347 1027 387 1086; x_wconf 82' lang='lat'>83</span> <span class='ocrx_word' id='word_1_45' title='bbox 499 1023 574 1088; x_wconf 86' lang='lat' dir='ltr'>XII.</span> <span class='ocrx_word' id='word_1_46' title='bbox 600 1024 642 1089; x_wconf 91' lang='lat' dir='ltr'>Vt</span> <span class='ocrx_word' id='word_1_47' title='bbox 660 1029 767 1088; x_wconf 91' lang='lat' dir='ltr'>antem</span> <span class='ocrx_word' id='word_1_48' title='bbox 782 1023 888 1088; x_wconf 90' lang='lat' dir='ltr'>adhuc</span> <span class='ocrx_word' id='word_1_49' title='bbox 909 1023 1013 1106; x_wconf 79' lang='lat' dir='ltr'>magis</span> <span class='ocrx_word' id='word_1_50' title='bbox 1034 1022 1203 1105; x_wconf 82' lang='lat' dir='ltr'>magisque</span> <span class='ocrx_word' id='word_1_51' title='bbox 1226 1021 1328 1085; x_wconf 89' lang='lat' dir='ltr'>sancti</span> <span class='ocrx_word' id='word_1_52' title='bbox 1351 1019 1480 1105; x_wconf 88' lang='lat' dir='ltr'>spiritus</span> <span class='ocrx_word' id='word_1_53' title='bbox 1503 1039 1575 1086; x_wconf 89' lang='lat' dir='ltr'>cum</span> <span class='ocrx_word' id='word_1_54' title='bbox 1597 1027 1686 1103; x_wconf 89' lang='lat' dir='ltr'>patre</span> <span class='ocrx_word' id='word_1_55' title='bbox 1709 1025 1742 1086; x_wconf 88' lang='lat' dir='ltr'>et</span> <span class='ocrx_word' id='word_1_56' title='bbox 1769 1019 1835 1086; x_wconf 87' lang='lat' dir='ltr'>filio</span> <span class='ocrx_word' id='word_1_57' title='bbox 1863 1041 1927 1086; x_wconf 90' lang='lat' dir='ltr'>una</span> <span class='ocrx_word' id='word_1_58' title='bbox 1949 1020 2064 1084; x_wconf 76' lang='lat' dir='ltr'>divi-a</span> 
     </span>
     <span class='ocr_line' id='line_1_7' title="bbox 413 1123 2031 1208; baseline -0.001 -19"><span class='ocrx_word' id='word_1_59' title='bbox 413 1125 496 1191; x_wconf 88' lang='lat' dir='ltr'>nitas</span> <span class='ocrx_word' id='word_1_60' title='bbox 523 1126 557 1190; x_wconf 91' lang='lat' dir='ltr'>in</span> <span class='ocrx_word' id='word_1_61' title='bbox 587 1127 733 1192; x_wconf 78' lang='lat' dir='ltr'>creandis</span> <span class='ocrx_word' id='word_1_62' title='bbox 763 1128 858 1192; x_wconf 91' lang='lat' dir='ltr'>rebus</span> <span class='ocrx_word' id='word_1_63' title='bbox 888 1127 1035 1192; x_wconf 90' lang='lat' dir='ltr'>omnibus</span> <span class='ocrx_word' id='word_1_64' title='bbox 1056 1125 1305 1206; x_wconf 88' lang='lat' dir='ltr'>demonstretur,</span> <span class='ocrx_word' id='word_1_65' title='bbox 1338 1123 1439 1189; x_wconf 90' lang='lat' dir='ltr'>habes</span> <span class='ocrx_word' id='word_1_66' title='bbox 1463 1131 1635 1188; x_wconf 90' lang='lat' dir='ltr'>creatorem</span> <span class='ocrx_word' id='word_1_67' title='bbox 1666 1124 1976 1208; x_wconf 71' lang='lat' dir='ltr'>spiritum&#39;sanctum</span> <span class='ocrx_word' id='word_1_68' title='bbox 1998 1124 2031 1188; x_wconf 91' lang='lat' dir='ltr'>in</span> 
     </span>
     <span class='ocr_line' id='line_1_8' title="bbox 413 1225 2034 1314; baseline -0.001 -23"><span class='ocrx_word' id='word_1_69' title='bbox 413 1227 494 1292; x_wconf 90' lang='lat' dir='ltr'>libro</span> <span class='ocrx_word' id='word_1_70' title='bbox 516 1228 590 1294; x_wconf 92' lang='lat' dir='ltr'>Iob:</span> <span class='ocrx_word' id='word_1_71' title='bbox 625 1230 822 1314; x_wconf 87' lang='lat' dir='ltr'>spiritus,</span> <span class='ocrx_word' id='word_1_72' title='bbox 855 1229 975 1314; x_wconf 86' lang='lat' dir='ltr'>iuquit,</span> <span class='ocrx_word' id='word_1_73' title='bbox 1009 1228 1179 1294; x_wconf 91' lang='lat' dir='ltr'>divinus</span> <span class='ocrx_word' id='word_1_74' title='bbox 1202 1235 1281 1310; x_wconf 88' lang='lat' dir='ltr'>est,</span> <span class='ocrx_word' id='word_1_75' title='bbox 1314 1227 1384 1308; x_wconf 91' lang='lat' dir='ltr'>qui</span> <span class='ocrx_word' id='word_1_76' title='bbox 1406 1225 1607 1304; x_wconf 77' lang='lat' dir='ltr'>fecitmc,</span> <span class='ocrx_word' id='word_1_77' title='bbox 1639 1227 1880 1311; x_wconf 87' lang='lat' dir='ltr'>etspiritus</span> <span class='ocrx_word' id='word_1_78' title='bbox 1902 1227 2034 1293; x_wconf 92' lang='lat' dir='ltr'>omui-</span> 
     </span>
     <span class='ocr_line' id='line_1_9' title="bbox 412 1328 2033 1416; baseline 0 -20"><span class='ocrx_word' id='word_1_79' title='bbox 412 1331 603 1416; x_wconf 91' lang='lat' dir='ltr'>potentis</span> <span class='ocrx_word' id='word_1_80' title='bbox 631 1332 700 1414; x_wconf 92' lang='lat' dir='ltr'>qai</span> <span class='ocrx_word' id='word_1_81' title='bbox 730 1331 852 1398; x_wconf 88' lang='lat' dir='ltr'>docet</span> <span class='ocrx_word' id='word_1_82' title='bbox 879 1353 949 1398; x_wconf 91' lang='lat' dir='ltr'>me.</span> <span class='ocrx_word' id='word_1_83' title='bbox 997 1333 1038 1397; x_wconf 84' lang='lat' dir='ltr'>Et</span> <span class='ocrx_word' id='word_1_84' title='bbox 1067 1330 1173 1397; x_wconf 84' lang='lat' dir='ltr'>David</span> <span class='ocrx_word' id='word_1_85' title='bbox 1195 1330 1289 1397; x_wconf 87' lang='lat' dir='ltr'>dicit:</span> <span class='ocrx_word' id='word_1_86' title='bbox 1322 1328 1466 1395; x_wconf 88' lang='lat' dir='ltr'>emitte</span> <span class='ocrx_word' id='word_1_87' title='bbox 1497 1330 1693 1413; x_wconf 89' lang='lat' dir='ltr'>spiritum</span> <span class='ocrx_word' id='word_1_88' title='bbox 1723 1338 1832 1396; x_wconf 91' lang='lat' dir='ltr'>tuum</span> <span class='ocrx_word' id='word_1_89' title='bbox 1855 1337 1894 1396; x_wconf 89' lang='lat' dir='ltr'>et</span> <span class='ocrx_word' id='word_1_90' title='bbox 1915 1349 2033 1396; x_wconf 88' lang='lat' dir='ltr'>crea-</span> 
     </span>
     <span class='ocr_line' id='line_1_10' title="bbox 412 1433 2028 1519; baseline -0.001 -19"><span class='ocrx_word' id='word_1_91' title='bbox 412 1435 565 1500; x_wconf 90' lang='lat' dir='ltr'>buntur</span> <span class='ocrx_word' id='word_1_92' title='bbox 586 1442 626 1501; x_wconf 90' lang='lat' dir='ltr'>et</span> <span class='ocrx_word' id='word_1_93' title='bbox 654 1437 880 1503; x_wconf 87' lang='lat' dir='ltr'>renovabis</span> <span class='ocrx_word' id='word_1_94' title='bbox 903 1435 1054 1501; x_wconf 87' lang='lat' dir='ltr'>faciem</span> <span class='ocrx_word' id='word_1_95' title='bbox 1076 1442 1227 1500; x_wconf 90' lang='lat' dir='ltr'>terrae.</span> <span class='ocrx_word' id='word_1_96' title='bbox 1275 1433 1310 1498; x_wconf 90' lang='lat' dir='ltr'>Si</span> <span class='ocrx_word' id='word_1_97' title='bbox 1333 1433 1450 1498; x_wconf 90' lang='lat' dir='ltr'>creatio</span> <span class='ocrx_word' id='word_1_98' title='bbox 1472 1441 1505 1498; x_wconf 91' lang='lat' dir='ltr'>et</span> <span class='ocrx_word' id='word_1_99' title='bbox 1526 1434 1689 1499; x_wconf 88' lang='lat' dir='ltr'>renovatio</span> <span class='ocrx_word' id='word_1_100' title='bbox 1712 1433 1936 1519; x_wconf 91' lang='lat' dir='ltr'>perspiritum</span> <span class='ocrx_word' id='word_1_101' title='bbox 1958 1434 2028 1517; x_wconf 85' lang='lat' dir='ltr'>erit,</span> 
     </span>
     <span class='ocr_line' id='line_1_11' title="bbox 414 1536 2082 1624; baseline -0.001 -23"><span class='ocrx_word' id='word_1_102' title='bbox 414 1536 483 1602; x_wconf 90' lang='lat' dir='ltr'>siue</span> <span class='ocrx_word' id='word_1_103' title='bbox 505 1537 652 1603; x_wconf 82' lang='lat' dir='ltr'>dubiost</span> <span class='ocrx_word' id='word_1_104' title='bbox 672 1539 862 1624; x_wconf 87' lang='lat' dir='ltr'>principium</span> <span class='ocrx_word' id='word_1_105' title='bbox 882 1539 1050 1606; x_wconf 88' lang='lat' dir='ltr'>creationis</span> <span class='ocrx_word' id='word_1_106' title='bbox 1073 1538 1143 1603; x_wconf 87' lang='lat' dir='ltr'>sine</span> <span class='ocrx_word' id='word_1_107' title='bbox 1165 1537 1278 1622; x_wconf 88' lang='lat' dir='ltr'>spiritu</span> <span class='ocrx_word' id='word_1_108' title='bbox 1299 1556 1362 1602; x_wconf 92' lang='lat' dir='ltr'>non</span> <span class='ocrx_word' id='word_1_109' title='bbox 1385 1536 1454 1602; x_wconf 86' lang='lat' dir='ltr'>fuit.</span> <span class='ocrx_word' id='word_1_110' title='bbox 1494 1537 1571 1601; x_wconf 89' lang='lat' dir='ltr'>Post</span> <span class='ocrx_word' id='word_1_111' title='bbox 1593 1538 1784 1603; x_wconf 82' lang='lat' dir='ltr'>creationem</span> <span class='ocrx_word' id='word_1_112' title='bbox 1806 1539 1904 1620; x_wconf 83' lang='lat' dir='ltr'>igitur</span> <span class='ocrx_word' id='word_1_113' title='bbox 1925 1545 2033 1603; x_wconf 90' lang='lat' dir='ltr'>osten·</span> <span class='ocrx_word' id='word_1_114' title='bbox 2053 1559 2082 1600; x_wconf 82' lang='lat' dir='ltr'>ra</span> 
     </span>
     <span class='ocr_line' id='line_1_12' title="bbox 413 1639 2033 1727; baseline 0.001 -23"><span class='ocrx_word' id='word_1_115' title='bbox 413 1639 537 1723; x_wconf 87' lang='lat' dir='ltr'>damus,</span> <span class='ocrx_word' id='word_1_116' title='bbox 559 1642 640 1724; x_wconf 92' lang='lat' dir='ltr'>quia</span> <span class='ocrx_word' id='word_1_117' title='bbox 661 1642 802 1708; x_wconf 86' lang='lat' dir='ltr'>vivificat</span> <span class='ocrx_word' id='word_1_118' title='bbox 824 1643 920 1708; x_wconf 91' lang='lat' dir='ltr'>etiam</span> <span class='ocrx_word' id='word_1_119' title='bbox 943 1642 1074 1727; x_wconf 91' lang='lat' dir='ltr'>spiritus</span> <span class='ocrx_word' id='word_1_120' title='bbox 1096 1648 1237 1724; x_wconf 84' lang='lat' dir='ltr'>sauctus,</span> <span class='ocrx_word' id='word_1_121' title='bbox 1263 1641 1345 1705; x_wconf 90' lang='lat' dir='ltr'>siout</span> <span class='ocrx_word' id='word_1_122' title='bbox 1365 1647 1457 1725; x_wconf 88' lang='lat' dir='ltr'>pater</span> <span class='ocrx_word' id='word_1_123' title='bbox 1478 1648 1511 1705; x_wconf 90' lang='lat' dir='ltr'>et</span> <span class='ocrx_word' id='word_1_124' title='bbox 1532 1640 1626 1705; x_wconf 88' lang='lat' dir='ltr'>lilius.</span> <span class='ocrx_word' id='word_1_125' title='bbox 1675 1641 1716 1706; x_wconf 81' lang='lat' dir='ltr'>Ilt</span> <span class='ocrx_word' id='word_1_126' title='bbox 1737 1641 1866 1723; x_wconf 91' lang='lat' dir='ltr'>quidem</span> <span class='ocrx_word' id='word_1_127' title='bbox 1896 1641 1937 1707; x_wconf 86' lang='lat' dir='ltr'>de</span> <span class='ocrx_word' id='word_1_128' title='bbox 1959 1661 2033 1725; x_wconf 90' lang='lat' dir='ltr'>per-</span> 
     </span>
     <span class='ocr_line' id='line_1_13' title="bbox 413 1742 2029 1836; baseline 0 -28"><span class='ocrx_word' id='word_1_129' title='bbox 413 1761 492 1808; x_wconf 89' lang='lat' dir='ltr'>sona</span> <span class='ocrx_word' id='word_1_130' title='bbox 513 1745 613 1828; x_wconf 88' lang='lat' dir='ltr'>patris</span> <span class='ocrx_word' id='word_1_131' title='bbox 635 1745 732 1811; x_wconf 84' lang='lat' dir='ltr'>refert</span> <span class='ocrx_word' id='word_1_132' title='bbox 753 1746 934 1831; x_wconf 87' lang='lat' dir='ltr'>apostolus:</span> <span class='ocrx_word' id='word_1_133' title='bbox 968 1752 1104 1812; x_wconf 90' lang='lat' dir='ltr'>testor</span> <span class='ocrx_word' id='word_1_134' title='bbox 1132 1746 1173 1810; x_wconf 92' lang='lat' dir='ltr'>in</span> <span class='ocrx_word' id='word_1_135' title='bbox 1203 1751 1429 1836; x_wconf 88' lang='lat' dir='ltr'>conspectu</span> <span class='ocrx_word' id='word_1_136' title='bbox 1453 1742 1538 1827; x_wconf 92' lang='lat' dir='ltr'>dei,</span> <span class='ocrx_word' id='word_1_137' title='bbox 1571 1743 1639 1826; x_wconf 90' lang='lat' dir='ltr'>qui</span> <span class='ocrx_word' id='word_1_138' title='bbox 1662 1744 1863 1810; x_wconf 83' lang='lat' dir='ltr'>vivificat</span> <span class='ocrx_word' id='word_1_139' title='bbox 1883 1746 2029 1811; x_wconf 86' lang='lat' dir='ltr'>omnia.</span> 
     </span>
     <span class='ocr_line' id='line_1_14' title="bbox 413 1846 2032 1931; baseline 0.002 -22"><span class='ocrx_word' id='word_1_140' title='bbox 413 1846 519 1910; x_wconf 84' lang='lat' dir='ltr'>Vitam</span> <span class='ocrx_word' id='word_1_141' title='bbox 542 1867 617 1912; x_wconf 86' lang='lat' dir='ltr'>vero</span> <span class='ocrx_word' id='word_1_142' title='bbox 644 1848 883 1914; x_wconf 81' lang='lat' dir='ltr'>datChristus:</span> <span class='ocrx_word' id='word_1_143' title='bbox 917 1868 1033 1931; x_wconf 85' lang='lat' dir='ltr'>oves,</span> <span class='ocrx_word' id='word_1_144' title='bbox 1067 1848 1187 1930; x_wconf 86' lang='lat' dir='ltr'>iuquit,</span> <span class='ocrx_word' id='word_1_145' title='bbox 1221 1867 1333 1912; x_wconf 88' lang='lat' dir='ltr'>meae</span> <span class='ocrx_word' id='word_1_146' title='bbox 1355 1866 1493 1912; x_wconf 89' lang='lat' dir='ltr'>vocem</span> <span class='ocrx_word' id='word_1_147' title='bbox 1524 1866 1648 1911; x_wconf 91' lang='lat' dir='ltr'>meam</span> <span class='ocrx_word' id='word_1_148' title='bbox 1672 1847 1865 1931; x_wconf 85' lang='lat' dir='ltr'>andiunt,</span> <span class='ocrx_word' id='word_1_149' title='bbox 1899 1855 2032 1930; x_wconf 84' lang='lat' dir='ltr'>etego</span> 
     </span>
     <span class='ocr_line' id='line_1_15' title="bbox 412 1948 2026 2035; baseline 0.001 -23"><span class='ocrx_word' id='word_1_150' title='bbox 412 1948 538 2014; x_wconf 89' lang='lat' dir='ltr'>vitam</span> <span class='ocrx_word' id='word_1_151' title='bbox 560 1959 771 2016; x_wconf 89' lang='lat' dir='ltr'>aeternam</span> <span class='ocrx_word' id='word_1_152' title='bbox 794 1951 841 2017; x_wconf 93' lang='lat' dir='ltr'>do</span> <span class='ocrx_word' id='word_1_153' title='bbox 863 1952 965 2017; x_wconf 91' lang='lat' dir='ltr'>illis.</span> <span class='ocrx_word' id='word_1_154' title='bbox 1006 1950 1212 2016; x_wconf 78' lang='lat' dir='ltr'>Virilicamur</span> <span class='ocrx_word' id='word_1_155' title='bbox 1226 1969 1302 2015; x_wconf 90' lang='lat' dir='ltr'>vcro</span> <span class='ocrx_word' id='word_1_156' title='bbox 1317 1950 1358 2015; x_wconf 91' lang='lat' dir='ltr'>ab</span> <span class='ocrx_word' id='word_1_157' title='bbox 1375 1949 1488 2035; x_wconf 89' lang='lat' dir='ltr'>spiritu</span> <span class='ocrx_word' id='word_1_158' title='bbox 1511 1955 1620 2014; x_wconf 91' lang='lat' dir='ltr'>sancto</span> <span class='ocrx_word' id='word_1_159' title='bbox 1641 1950 1713 2034; x_wconf 81' lang='lat' dir='ltr'>ipso</span> <span class='ocrx_word' id='word_1_160' title='bbox 1735 1950 1863 2016; x_wconf 91' lang='lat' dir='ltr'>domiuo</span> <span class='ocrx_word' id='word_1_161' title='bbox 1886 1949 2026 2016; x_wconf 88' lang='lat' dir='ltr'>dicente:</span> 
     </span>
     <span class='ocr_line' id='line_1_16' title="bbox 413 2052 2082 2139; baseline 0 -24"><span class='ocrx_word' id='word_1_162' title='bbox 413 2052 590 2136; x_wconf 89' lang='lat' dir='ltr'>spiritus</span> <span class='ocrx_word' id='word_1_163' title='bbox 621 2062 684 2120; x_wconf 89' lang='lat' dir='ltr'>est</span> <span class='ocrx_word' id='word_1_164' title='bbox 712 2056 781 2136; x_wconf 92' lang='lat' dir='ltr'>qui</span> <span class='ocrx_word' id='word_1_165' title='bbox 810 2056 1021 2120; x_wconf 86' lang='lat' dir='ltr'>vivificat.</span> <span class='ocrx_word' id='word_1_166' title='bbox 1068 2055 1151 2118; x_wconf 81' lang='lat' dir='ltr'>Ecce</span> <span class='ocrx_word' id='word_1_167' title='bbox 1182 2074 1245 2120; x_wconf 92' lang='lat' dir='ltr'>ana</span> <span class='ocrx_word' id='word_1_168' title='bbox 1267 2052 1438 2119; x_wconf 76' lang='lat' dir='ltr'>mvifioatio</span> <span class='ocrx_word' id='word_1_169' title='bbox 1468 2054 1567 2138; x_wconf 88' lang='lat' dir='ltr'>patris</span> <span class='ocrx_word' id='word_1_170' title='bbox 1590 2061 1622 2118; x_wconf 90' lang='lat' dir='ltr'>et</span> <span class='ocrx_word' id='word_1_171' title='bbox 1643 2054 1702 2119; x_wconf 86' lang='lat' dir='ltr'>filii</span> <span class='ocrx_word' id='word_1_172' title='bbox 1724 2060 1757 2120; x_wconf 90' lang='lat' dir='ltr'>et</span> <span class='ocrx_word' id='word_1_173' title='bbox 1778 2055 1909 2139; x_wconf 88' lang='lat' dir='ltr'>spiritus</span> <span class='ocrx_word' id='word_1_174' title='bbox 1931 2053 2033 2120; x_wconf 88' lang='lat' dir='ltr'>sancti</span> <span class='ocrx_word' id='word_1_175' title='bbox 2053 2077 2082 2116; x_wconf 79' lang='lat' dir='ltr'>ra</span> 
     </span>
     <span class='ocr_line' id='line_1_17' title="bbox 412 2163 887 2239; baseline 0.015 -21"><span class='ocrx_word' id='word_1_176' title='bbox 412 2163 522 2239; x_wconf 88' lang='lat' dir='ltr'>aperte</span> <span class='ocrx_word' id='word_1_177' title='bbox 543 2165 717 2223; x_wconf 90' lang='lat' dir='ltr'>monstrata</span> <span class='ocrx_word' id='word_1_178' title='bbox 738 2165 797 2224; x_wconf 90' lang='lat' dir='ltr'>cst.</span> <span class='ocrx_word' id='word_1_179' title='bbox 885 2189 887 2194; x_wconf 95' lang='lat'>·</span> 
     </span>
    </p>

    <p class='ocr_par' dir='ltr' id='par_1_4' title="bbox 347 2260 2081 2967">
     <span class='ocr_line' id='line_1_18' title="bbox 347 2260 2034 2346; baseline -0.002 -17"><span class='ocrx_word' id='word_1_180' title='bbox 347 2270 385 2329; x_wconf 85' lang='grc'>81</span> <span class='ocrx_word' id='word_1_181' title='bbox 499 2260 589 2324; x_wconf 89' lang='lat' dir='ltr'>XIII.</span> <span class='ocrx_word' id='word_1_182' title='bbox 622 2262 869 2328; x_wconf 85' lang='lat' dir='ltr'>Praescieutiam</span> <span class='ocrx_word' id='word_1_183' title='bbox 891 2282 997 2327; x_wconf 89' lang='lat' dir='ltr'>rerum</span> <span class='ocrx_word' id='word_1_184' title='bbox 1019 2261 1158 2326; x_wconf 91' lang='lat' dir='ltr'>omnium</span> <span class='ocrx_word' id='word_1_185' title='bbox 1188 2261 1221 2326; x_wconf 92' lang='lat' dir='ltr'>in</span> <span class='ocrx_word' id='word_1_186' title='bbox 1247 2261 1307 2325; x_wconf 93' lang='lat' dir='ltr'>deo</span> <span class='ocrx_word' id='word_1_187' title='bbox 1330 2280 1402 2326; x_wconf 85' lang='lat' dir='ltr'>esse</span> <span class='ocrx_word' id='word_1_188' title='bbox 1425 2268 1457 2325; x_wconf 84' lang='lat' dir='ltr'>ct</span> <span class='ocrx_word' id='word_1_189' title='bbox 1479 2260 1672 2326; x_wconf 88' lang='lat' dir='ltr'>occultorum</span> <span class='ocrx_word' id='word_1_190' title='bbox 1696 2260 1925 2346; x_wconf 84' lang='lat' dir='ltr'>cognitionem,</span> <span class='ocrx_word' id='word_1_191' title='bbox 1958 2262 2034 2327; x_wconf 79' lang='lat' dir='ltr'>lIcet</span> 
     </span>
     <span class='ocr_line' id='line_1_19' title="bbox 413 2363 2030 2450; baseline 0.003 -25"><span class='ocrx_word' id='word_1_192' title='bbox 413 2381 506 2426; x_wconf 86' lang='lat' dir='ltr'>nemo</span> <span class='ocrx_word' id='word_1_193' title='bbox 529 2363 729 2430; x_wconf 82' lang='lat' dir='ltr'>Christianus</span> <span class='ocrx_word' id='word_1_194' title='bbox 751 2366 886 2449; x_wconf 82' lang='lat' dir='ltr'>ignoret,</span> <span class='ocrx_word' id='word_1_195' title='bbox 911 2372 1018 2430; x_wconf 89' lang='lat' dir='ltr'>tamen</span> <span class='ocrx_word' id='word_1_196' title='bbox 1041 2385 1081 2430; x_wconf 82' lang='lat' dir='ltr'>ex</span> <span class='ocrx_word' id='word_1_197' title='bbox 1103 2363 1271 2429; x_wconf 88' lang='lat' dir='ltr'>Danihelis</span> <span class='ocrx_word' id='word_1_198' title='bbox 1292 2364 1373 2430; x_wconf 92' lang='lat' dir='ltr'>libro</span> <span class='ocrx_word' id='word_1_199' title='bbox 1395 2365 1633 2429; x_wconf 89' lang='lat' dir='ltr'>monstrandum</span> <span class='ocrx_word' id='word_1_200' title='bbox 1656 2371 1715 2429; x_wconf 88' lang='lat' dir='ltr'>cst.</span> <span class='ocrx_word' id='word_1_201' title='bbox 1764 2364 1892 2450; x_wconf 84' lang='lat' dir='ltr'>Deus,</span> <span class='ocrx_word' id='word_1_202' title='bbox 1916 2366 2030 2449; x_wconf 89' lang='lat' dir='ltr'>inquit,</span> 
     </span>
     <span class='ocr_line' id='line_1_20' title="bbox 414 2465 2032 2553; baseline 0.002 -23"><span class='ocrx_word' id='word_1_203' title='bbox 414 2465 482 2546; x_wconf 92' lang='lat' dir='ltr'>qui</span> <span class='ocrx_word' id='word_1_204' title='bbox 512 2469 768 2533; x_wconf 89' lang='lat' dir='ltr'>occultorum</span> <span class='ocrx_word' id='word_1_205' title='bbox 798 2469 986 2553; x_wconf 83' lang='lat' dir='ltr'>cognitor</span> <span class='ocrx_word' id='word_1_206' title='bbox 1015 2489 1076 2550; x_wconf 88' lang='lat' dir='ltr'>es,</span> <span class='ocrx_word' id='word_1_207' title='bbox 1109 2469 1178 2550; x_wconf 88' lang='lat' dir='ltr'>qni</span> <span class='ocrx_word' id='word_1_208' title='bbox 1209 2468 1431 2552; x_wconf 89' lang='lat' dir='ltr'>praescius</span> <span class='ocrx_word' id='word_1_209' title='bbox 1457 2487 1499 2532; x_wconf 91' lang='lat' dir='ltr'>es</span> <span class='ocrx_word' id='word_1_210' title='bbox 1522 2467 1695 2532; x_wconf 89' lang='lat' dir='ltr'>omnium</span> <span class='ocrx_word' id='word_1_211' title='bbox 1718 2474 1937 2552; x_wconf 87' lang='lat' dir='ltr'>antequam</span> <span class='ocrx_word' id='word_1_212' title='bbox 1960 2490 2032 2534; x_wconf 91' lang='lat' dir='ltr'>ua-</span> 
     </span>
     <span class='ocr_line' id='line_1_21' title="bbox 414 2570 2081 2656; baseline 0.001 -24"><span class='ocrx_word' id='word_1_213' title='bbox 414 2577 592 2635; x_wconf 89' lang='lat' dir='ltr'>scautur.</span> <span class='ocrx_word' id='word_1_214' title='bbox 640 2572 728 2638; x_wconf 90' lang='lat' dir='ltr'>Haec</span> <span class='ocrx_word' id='word_1_215' title='bbox 750 2571 864 2637; x_wconf 90' lang='lat' dir='ltr'>eadem</span> <span class='ocrx_word' id='word_1_216' title='bbox 886 2571 1101 2656; x_wconf 86' lang='lat' dir='ltr'>praescientia</span> <span class='ocrx_word' id='word_1_217' title='bbox 1122 2571 1155 2634; x_wconf 91' lang='lat' dir='ltr'>in</span> <span class='ocrx_word' id='word_1_218' title='bbox 1178 2570 1304 2636; x_wconf 78' lang='lat' dir='ltr'>Christo</span> <span class='ocrx_word' id='word_1_219' title='bbox 1326 2577 1386 2654; x_wconf 83' lang='lat' dir='ltr'>est,</span> <span class='ocrx_word' id='word_1_220' title='bbox 1413 2571 1495 2635; x_wconf 89' lang='lat' dir='ltr'>sicut</span> <span class='ocrx_word' id='word_1_221' title='bbox 1516 2570 1615 2636; x_wconf 87' lang='lat' dir='ltr'>refert</span> <span class='ocrx_word' id='word_1_222' title='bbox 1636 2571 1852 2654; x_wconf 83' lang='lat' dir='ltr'>evangelista:</span> <span class='ocrx_word' id='word_1_223' title='bbox 1878 2573 1926 2638; x_wconf 91' lang='lat' dir='ltr'>ab</span> <span class='ocrx_word' id='word_1_224' title='bbox 1948 2572 2033 2638; x_wconf 91' lang='lat' dir='ltr'>ini·</span> <span class='ocrx_word' id='word_1_225' title='bbox 2052 2592 2081 2634; x_wconf 79' lang='lat' dir='ltr'>aa</span> 
     </span>
     <span class='ocr_line' id='line_1_22' title="bbox 412 2672 2033 2757; baseline 0.002 -19"><span class='ocrx_word' id='word_1_226' title='bbox 412 2672 470 2738; x_wconf 90' lang='lat' dir='ltr'>tio</span> <span class='ocrx_word' id='word_1_227' title='bbox 492 2680 627 2739; x_wconf 88' lang='lat' dir='ltr'>autem</span> <span class='ocrx_word' id='word_1_228' title='bbox 651 2676 814 2740; x_wconf 90' lang='lat' dir='ltr'>sciebat</span> <span class='ocrx_word' id='word_1_229' title='bbox 837 2676 956 2740; x_wconf 86' lang='lat' dir='ltr'>Iesus</span> <span class='ocrx_word' id='word_1_230' title='bbox 978 2675 1071 2757; x_wconf 90' lang='lat' dir='ltr'>quis</span> <span class='ocrx_word' id='word_1_231' title='bbox 1094 2682 1210 2739; x_wconf 89' lang='lat' dir='ltr'>esset</span> <span class='ocrx_word' id='word_1_232' title='bbox 1232 2693 1318 2740; x_wconf 90' lang='lat' dir='ltr'>eum</span> <span class='ocrx_word' id='word_1_233' title='bbox 1341 2673 1595 2757; x_wconf 75' lang='lat' dir='ltr'>tradituruS,</span> <span class='ocrx_word' id='word_1_234' title='bbox 1622 2673 1688 2739; x_wconf 87' lang='lat' dir='ltr'>vel</span> <span class='ocrx_word' id='word_1_235' title='bbox 1710 2675 1779 2756; x_wconf 92' lang='lat' dir='ltr'>qui</span> <span class='ocrx_word' id='word_1_236' title='bbox 1801 2683 2033 2742; x_wconf 90' lang='lat' dir='ltr'>essentnou</span> 
     </span>
     <span class='ocr_line' id='line_1_23' title="bbox 413 2775 2029 2862; baseline 0.004 -23"><span class='ocrx_word' id='word_1_237' title='bbox 413 2775 634 2843; x_wconf 89' lang='lat' dir='ltr'>credentes</span> <span class='ocrx_word' id='word_1_238' title='bbox 663 2779 702 2842; x_wconf 92' lang='lat' dir='ltr'>in</span> <span class='ocrx_word' id='word_1_239' title='bbox 732 2799 830 2844; x_wconf 90' lang='lat' dir='ltr'>eum.</span> <span class='ocrx_word' id='word_1_240' title='bbox 877 2778 970 2856; x_wconf 85' lang='lat' dir='ltr'>Quod</span> <span class='ocrx_word' id='word_1_241' title='bbox 999 2779 1168 2843; x_wconf 80' lang='lat' dir='ltr'>sitantum</span> <span class='ocrx_word' id='word_1_242' title='bbox 1191 2778 1384 2843; x_wconf 91' lang='lat' dir='ltr'>occultorum</span> <span class='ocrx_word' id='word_1_243' title='bbox 1408 2778 1566 2861; x_wconf 83' lang='lat' dir='ltr'>cognitor,</span> <span class='ocrx_word' id='word_1_244' title='bbox 1599 2797 1639 2843; x_wconf 81' lang='lat' dir='ltr'>ex</span> <span class='ocrx_word' id='word_1_245' title='bbox 1661 2777 1722 2842; x_wconf 93' lang='lat' dir='ltr'>hoc</span> <span class='ocrx_word' id='word_1_246' title='bbox 1743 2778 1946 2845; x_wconf 86' lang='lat' dir='ltr'>manifestum</span> <span class='ocrx_word' id='word_1_247' title='bbox 1969 2786 2029 2862; x_wconf 89' lang='lat' dir='ltr'>est,</span> 
     </span>
     <span class='ocr_line' id='line_1_24' title="bbox 412 2880 2033 2967; baseline 0.004 -25"><span class='ocrx_word' id='word_1_248' title='bbox 412 2897 483 2944; x_wconf 90' lang='lat' dir='ltr'>cum</span> <span class='ocrx_word' id='word_1_249' title='bbox 500 2881 634 2946; x_wconf 85' lang='lat' dir='ltr'>obscura</span> <span class='ocrx_word' id='word_1_250' title='bbox 649 2882 784 2947; x_wconf 91' lang='lat' dir='ltr'>consilia</span> <span class='ocrx_word' id='word_1_251' title='bbox 797 2881 990 2948; x_wconf 88' lang='lat' dir='ltr'>Iudaeorum</span> <span class='ocrx_word' id='word_1_252' title='bbox 1005 2882 1176 2946; x_wconf 88' lang='lat' dir='ltr'>traducens</span> <span class='ocrx_word' id='word_1_253' title='bbox 1192 2880 1337 2946; x_wconf 85' lang='lat' dir='ltr'>dicebat:</span> <span class='ocrx_word' id='word_1_254' title='bbox 1363 2881 1462 2963; x_wconf 91' lang='lat' dir='ltr'>quid</span> <span class='ocrx_word' id='word_1_255' title='bbox 1484 2882 1682 2965; x_wconf 84' lang='lat' dir='ltr'>cogitatis</span> <span class='ocrx_word' id='word_1_256' title='bbox 1696 2904 1868 2967; x_wconf 90' lang='lat' dir='ltr'>nequam</span> <span class='ocrx_word' id='word_1_257' title='bbox 1887 2885 1928 2949; x_wconf 93' lang='lat' dir='ltr'>in</span> <span class='ocrx_word' id='word_1_258' title='bbox 1942 2904 2033 2949; x_wconf 90' lang='lat' dir='ltr'>cor-</span> 
     </span>
    </p>

    <p class='ocr_par' dir='ltr' id='par_1_5' title="bbox 346 2981 2082 3773">
     <span class='ocr_line' id='line_1_25' title="bbox 346 2981 2033 3072; baseline 0.004 -26"><span class='ocrx_word' id='word_1_259' title='bbox 346 2992 386 3054; x_wconf 87' lang='lat'>85</span> <span class='ocrx_word' id='word_1_260' title='bbox 414 2981 536 3048; x_wconf 92' lang='lat' dir='ltr'>dibus</span> <span class='ocrx_word' id='word_1_261' title='bbox 558 2986 738 3052; x_wconf 78' lang='lat' dir='ltr'>vestris?</span> <span class='ocrx_word' id='word_1_262' title='bbox 774 2985 931 3058; x_wconf 82' lang='lat' dir='ltr'>Similiter</span> <span class='ocrx_word' id='word_1_263' title='bbox 944 2985 1104 3070; x_wconf 88' lang='lat' dir='ltr'>praescire</span> <span class='ocrx_word' id='word_1_264' title='bbox 1119 2985 1225 3050; x_wconf 89' lang='lat' dir='ltr'>omnia</span> <span class='ocrx_word' id='word_1_265' title='bbox 1244 2985 1388 3070; x_wconf 89' lang='lat' dir='ltr'>spiritum</span> <span class='ocrx_word' id='word_1_266' title='bbox 1412 2991 1565 3068; x_wconf 92' lang='lat' dir='ltr'>sanctum,</span> <span class='ocrx_word' id='word_1_267' title='bbox 1592 2987 1661 3072; x_wconf 83' lang='lat' dir='ltr'>ipse</span> <span class='ocrx_word' id='word_1_268' title='bbox 1684 2988 1902 3054; x_wconf 84' lang='lat' dir='ltr'>manifestavit</span> <span class='ocrx_word' id='word_1_269' title='bbox 1923 2987 2033 3052; x_wconf 91' lang='lat' dir='ltr'>dicens</span> 
     </span>
     <span class='ocr_line' id='line_1_26' title="bbox 412 3084 2082 3173; baseline 0.002 -25"><span class='ocrx_word' id='word_1_270' title='bbox 412 3084 455 3149; x_wconf 93' lang='lat' dir='ltr'>ad</span> <span class='ocrx_word' id='word_1_271' title='bbox 476 3089 654 3169; x_wconf 90' lang='lat' dir='ltr'>apostolas:</span> <span class='ocrx_word' id='word_1_272' title='bbox 694 3109 778 3154; x_wconf 89' lang='lat' dir='ltr'>cam</span> <span class='ocrx_word' id='word_1_273' title='bbox 802 3088 965 3156; x_wconf 89' lang='lat' dir='ltr'>venerit</span> <span class='ocrx_word' id='word_1_274' title='bbox 987 3089 1165 3173; x_wconf 91' lang='lat' dir='ltr'>spiritus</span> <span class='ocrx_word' id='word_1_275' title='bbox 1187 3089 1404 3172; x_wconf 85' lang='lat' dir='ltr'>veritatis,</span> <span class='ocrx_word' id='word_1_276' title='bbox 1436 3087 1604 3156; x_wconf 91' lang='lat' dir='ltr'>docebit</span> <span class='ocrx_word' id='word_1_277' title='bbox 1624 3111 1695 3156; x_wconf 88' lang='lat' dir='ltr'>vos</span> <span class='ocrx_word' id='word_1_278' title='bbox 1718 3093 1851 3158; x_wconf 91' lang='lat' dir='ltr'>omnia</span> <span class='ocrx_word' id='word_1_279' title='bbox 1873 3098 1913 3159; x_wconf 88' lang='lat' dir='ltr'>et</span> <span class='ocrx_word' id='word_1_280' title='bbox 1933 3111 2033 3156; x_wconf 86' lang='lat' dir='ltr'>ven·</span> <span class='ocrx_word' id='word_1_281' title='bbox 2052 3111 2082 3152; x_wconf 80' lang='lat' dir='ltr'>aa</span> 
     </span>
     <span class='ocr_line' id='line_1_27' title="bbox 411 3191 2032 3280; baseline 0.004 -28"><span class='ocrx_word' id='word_1_282' title='bbox 411 3195 504 3253; x_wconf 90' lang='lat' dir='ltr'>tura</span> <span class='ocrx_word' id='word_1_283' title='bbox 533 3191 802 3259; x_wconf 88' lang='lat' dir='ltr'>adnuntiabit</span> <span class='ocrx_word' id='word_1_284' title='bbox 830 3193 960 3259; x_wconf 91' lang='lat' dir='ltr'>vobis.</span> <span class='ocrx_word' id='word_1_285' title='bbox 1008 3193 1069 3270; x_wconf 74' lang='lat' dir='ltr'>Qui</span> <span class='ocrx_word' id='word_1_286' title='bbox 1099 3199 1233 3257; x_wconf 90' lang='lat' dir='ltr'>ventura</span> <span class='ocrx_word' id='word_1_287' title='bbox 1255 3193 1401 3258; x_wconf 88' lang='lat' dir='ltr'>nuntiare</span> <span class='ocrx_word' id='word_1_288' title='bbox 1423 3192 1625 3276; x_wconf 88' lang='lat' dir='ltr'>perhibetur,</span> <span class='ocrx_word' id='word_1_289' title='bbox 1658 3195 1818 3280; x_wconf 89' lang='lat' dir='ltr'>praescire</span> <span class='ocrx_word' id='word_1_290' title='bbox 1838 3195 1945 3261; x_wconf 91' lang='lat' dir='ltr'>omnia</span> <span class='ocrx_word' id='word_1_291' title='bbox 1968 3214 2032 3260; x_wconf 92' lang='lat' dir='ltr'>non</span> 
     </span>
     <span class='ocr_line' id='line_1_28' title="bbox 412 3289 2033 3384; baseline 0.005 -30"><span class='ocrx_word' id='word_1_292' title='bbox 412 3289 590 3376; x_wconf 88' lang='lat' dir='ltr'>dubitatur,</span> <span class='ocrx_word' id='word_1_293' title='bbox 624 3296 700 3378; x_wconf 91' lang='lat' dir='ltr'>quia</span> <span class='ocrx_word' id='word_1_294' title='bbox 720 3295 791 3379; x_wconf 88' lang='lat' dir='ltr'>ipse</span> <span class='ocrx_word' id='word_1_295' title='bbox 812 3303 971 3361; x_wconf 89' lang='lat' dir='ltr'>scrutatur</span> <span class='ocrx_word' id='word_1_296' title='bbox 992 3294 1180 3362; x_wconf 88' lang='lat' dir='ltr'>altitudines</span> <span class='ocrx_word' id='word_1_297' title='bbox 1210 3295 1262 3360; x_wconf 88' lang='lat' dir='ltr'>dei</span> <span class='ocrx_word' id='word_1_298' title='bbox 1285 3304 1317 3361; x_wconf 90' lang='lat' dir='ltr'>et</span> <span class='ocrx_word' id='word_1_299' title='bbox 1340 3296 1428 3361; x_wconf 88' lang='lat' dir='ltr'>novit</span> <span class='ocrx_word' id='word_1_300' title='bbox 1449 3297 1556 3360; x_wconf 88' lang='lat' dir='ltr'>omnia</span> <span class='ocrx_word' id='word_1_301' title='bbox 1578 3317 1661 3378; x_wconf 87' lang='lat' dir='ltr'>qnae</span> <span class='ocrx_word' id='word_1_302' title='bbox 1681 3298 1716 3363; x_wconf 92' lang='lat' dir='ltr'>in</span> <span class='ocrx_word' id='word_1_303' title='bbox 1738 3298 1798 3374; x_wconf 85' lang='lat' dir='ltr'>deo</span> <span class='ocrx_word' id='word_1_304' title='bbox 1827 3307 1917 3384; x_wconf 76' lang='lat' dir='ltr'>sunt,</span> <span class='ocrx_word' id='word_1_305' title='bbox 1950 3299 2033 3364; x_wconf 90' lang='lat' dir='ltr'>sicut</span> 
     </span>
     <span class='ocr_line' id='line_1_29' title="bbox 412 3398 2030 3484; baseline 0.006 -27"><span class='ocrx_word' id='word_1_306' title='bbox 412 3405 567 3462; x_wconf 91' lang='lat' dir='ltr'>memorat</span> <span class='ocrx_word' id='word_1_307' title='bbox 587 3398 707 3464; x_wconf 90' lang='lat' dir='ltr'>Paulus</span> <span class='ocrx_word' id='word_1_308' title='bbox 730 3399 857 3464; x_wconf 89' lang='lat' dir='ltr'>dicens:</span> <span class='ocrx_word' id='word_1_309' title='bbox 893 3399 1071 3484; x_wconf 92' lang='lat' dir='ltr'>spiritus</span> <span class='ocrx_word' id='word_1_310' title='bbox 1093 3401 1198 3465; x_wconf 85' lang='lat' dir='ltr'>enlm</span> <span class='ocrx_word' id='word_1_311' title='bbox 1222 3399 1355 3465; x_wconf 92' lang='lat' dir='ltr'>omnia</span> <span class='ocrx_word' id='word_1_312' title='bbox 1376 3407 1604 3482; x_wconf 89' lang='lat' dir='ltr'>scrutatur,</span> <span class='ocrx_word' id='word_1_313' title='bbox 1637 3402 1759 3466; x_wconf 90' lang='lat' dir='ltr'>etiam</span> <span class='ocrx_word' id='word_1_314' title='bbox 1782 3402 2030 3468; x_wconf 88' lang='lat' dir='ltr'>altitudines</span> 
     </span>
     <span class='ocr_line' id='line_1_30' title="bbox 413 3496 2026 3587; baseline 0.006 -25"><span class='ocrx_word' id='word_1_315' title='bbox 413 3496 490 3563; x_wconf 90' lang='lat' dir='ltr'>dei.</span> <span class='ocrx_word' id='word_1_316' title='bbox 537 3501 617 3565; x_wconf 89' lang='lat' dir='ltr'>Item</span> <span class='ocrx_word' id='word_1_317' title='bbox 646 3503 680 3566; x_wconf 92' lang='lat' dir='ltr'>in</span> <span class='ocrx_word' id='word_1_318' title='bbox 713 3503 826 3568; x_wconf 88' lang='lat' dir='ltr'>eodem</span> <span class='ocrx_word' id='word_1_319' title='bbox 857 3504 943 3568; x_wconf 91' lang='lat' dir='ltr'>loco:</span> <span class='ocrx_word' id='word_1_320' title='bbox 978 3503 1088 3568; x_wconf 91' lang='lat' dir='ltr'>sicut</span> <span class='ocrx_word' id='word_1_321' title='bbox 1115 3523 1229 3568; x_wconf 84' lang='lat' dir='ltr'>namo</span> <span class='ocrx_word' id='word_1_322' title='bbox 1260 3504 1338 3569; x_wconf 91' lang='lat' dir='ltr'>scit</span> <span class='ocrx_word' id='word_1_323' title='bbox 1366 3503 1569 3568; x_wconf 90' lang='lat' dir='ltr'>hominum</span> <span class='ocrx_word' id='word_1_324' title='bbox 1592 3506 2026 3587; x_wconf 87' lang='lat' dir='ltr'>qnacsuuthominis,</span> 
     </span>
     <span class='ocr_line' id='line_1_31' title="bbox 411 3601 2078 3694; baseline 0.002 -30"><span class='ocrx_word' id='word_1_325' title='bbox 411 3601 495 3666; x_wconf 93' lang='lat' dir='ltr'>uisi</span> <span class='ocrx_word' id='word_1_326' title='bbox 525 3603 700 3688; x_wconf 91' lang='lat' dir='ltr'>spiritus</span> <span class='ocrx_word' id='word_1_327' title='bbox 722 3606 791 3688; x_wconf 91' lang='lat' dir='ltr'>qni</span> <span class='ocrx_word' id='word_1_328' title='bbox 819 3606 972 3691; x_wconf 92' lang='lat' dir='ltr'>inipso</span> <span class='ocrx_word' id='word_1_329' title='bbox 994 3612 1074 3690; x_wconf 77' lang='lat' dir='ltr'>cst,</span> <span class='ocrx_word' id='word_1_330' title='bbox 1106 3605 1297 3672; x_wconf 90' lang='lat' dir='ltr'>itanemo</span> <span class='ocrx_word' id='word_1_331' title='bbox 1320 3606 1529 3688; x_wconf 89' lang='lat' dir='ltr'>scitquae</span> <span class='ocrx_word' id='word_1_332' title='bbox 1552 3607 1754 3690; x_wconf 80' lang='lat' dir='ltr'>semidei,</span> <span class='ocrx_word' id='word_1_333' title='bbox 1788 3608 1871 3673; x_wconf 91' lang='lat' dir='ltr'>nisi</span> <span class='ocrx_word' id='word_1_334' title='bbox 1900 3609 2029 3694; x_wconf 90' lang='lat' dir='ltr'>spiri·</span> <span class='ocrx_word' id='word_1_335' title='bbox 2048 3629 2078 3670; x_wconf 85' lang='lat' dir='ltr'>ao</span> 
     </span>
     <span class='ocr_line' id='line_1_32' title="bbox 409 3706 575 3773; baseline 0.03 -7"><span class='ocrx_word' id='word_1_336' title='bbox 409 3710 476 3768; x_wconf 90' lang='lat' dir='ltr'>tas</span> <span class='ocrx_word' id='word_1_337' title='bbox 499 3706 575 3773; x_wconf 91' lang='lat' dir='ltr'>dei.</span> 
     </span>
    </p>
   </div>
   <div class='ocr_carea' id='block_1_3' title="bbox 412 3930 2026 4172">
    <p class='ocr_par' dir='ltr' id='par_1_6' title="bbox 412 3930 2026 4172">
     <span class='ocr_line' id='line_1_33' title="bbox 483 3930 2025 4001; baseline 0.002 -20"><span class='ocrx_word' id='word_1_338' title='bbox 483 3932 505 3996; x_wconf 78' lang='grc'>11</span> <span class='ocrx_word' id='word_1_339' title='bbox 532 3930 607 4001; x_wconf 89' lang='lat' dir='ltr'>lep.</span> <span class='ocrx_word' id='word_1_340' title='bbox 626 3931 704 3986; x_wconf 90' lang='lat' dir='ltr'>Ioan.</span> <span class='ocrx_word' id='word_1_341' title='bbox 724 3937 748 3997; x_wconf 83' lang='lat'>5,</span> <span class='ocrx_word' id='word_1_342' title='bbox 770 3937 795 3986; x_wconf 78' lang='lat'>7.</span> <span class='ocrx_word' id='word_1_343' title='bbox 936 3935 960 3997; x_wconf 87' lang='grc'>7)</span> <span class='ocrx_word' id='word_1_344' title='bbox 987 3934 1038 3988; x_wconf 93' lang='lat' dir='ltr'>Iob</span> <span class='ocrx_word' id='word_1_345' title='bbox 1056 3935 1098 3998; x_wconf 80' lang='lat'>33,</span> <span class='ocrx_word' id='word_1_346' title='bbox 1119 3935 1144 3985; x_wconf 84' lang='grc'>4.</span> <span class='ocrx_word' id='word_1_347' title='bbox 1285 3934 1310 3996; x_wconf 85' lang='grc'>8)</span> <span class='ocrx_word' id='word_1_348' title='bbox 1336 3932 1410 3986; x_wconf 84' lang='lat' dir='ltr'>Psal</span> <span class='ocrx_word' id='word_1_349' title='bbox 1433 3935 1490 3998; x_wconf 85' lang='lat'>103,</span> <span class='ocrx_word' id='word_1_350' title='bbox 1510 3936 1551 3986; x_wconf 87' lang='grc'>311.</span> <span class='ocrx_word' id='word_1_351' title='bbox 1694 3936 1732 3999; x_wconf 77' lang='lat' dir='ltr'>tr)</span> <span class='ocrx_word' id='word_1_352' title='bbox 1760 3935 1826 3988; x_wconf 86' lang='lat' dir='ltr'>Iud</span> <span class='ocrx_word' id='word_1_353' title='bbox 1845 3934 1918 3987; x_wconf 84' lang='lat' dir='ltr'>Tim.</span> <span class='ocrx_word' id='word_1_354' title='bbox 1938 3937 1963 3998; x_wconf 81' lang='lat' dir='ltr'>o,</span> <span class='ocrx_word' id='word_1_355' title='bbox 1985 3935 2025 3985; x_wconf 86' lang='grc'>13.</span> 
     </span>
     <span class='ocr_line' id='line_1_34' title="bbox 415 4019 2026 4090; baseline 0.002 -23"><span class='ocrx_word' id='word_1_356' title='bbox 415 4019 455 4080; x_wconf 78' lang='grc'>13)</span> <span class='ocrx_word' id='word_1_357' title='bbox 476 4019 552 4072; x_wconf 85' lang='lat' dir='ltr'>loan.</span> <span class='ocrx_word' id='word_1_358' title='bbox 574 4021 614 4084; x_wconf 79' lang='lat'>10,</span> <span class='ocrx_word' id='word_1_359' title='bbox 635 4021 719 4090; x_wconf 82' lang='lat' dir='ltr'>2&#39;lsq.</span> <span class='ocrx_word' id='word_1_360' title='bbox 827 4022 866 4085; x_wconf 86' lang='grc'>15)</span> <span class='ocrx_word' id='word_1_361' title='bbox 887 4021 957 4074; x_wconf 90' lang='lat' dir='ltr'>ibid.</span> <span class='ocrx_word' id='word_1_362' title='bbox 977 4023 1002 4083; x_wconf 82' lang='lat' dir='ltr'>c,</span> <span class='ocrx_word' id='word_1_363' title='bbox 1017 4023 1059 4072; x_wconf 78' lang='lat' dir='ltr'>ot.</span> <span class='ocrx_word' id='word_1_364' title='bbox 1169 4022 1206 4084; x_wconf 84' lang='grc'>18)</span> <span class='ocrx_word' id='word_1_365' title='bbox 1229 4020 1301 4074; x_wconf 88' lang='lat' dir='ltr'>Dan.</span> <span class='ocrx_word' id='word_1_366' title='bbox 1324 4022 1363 4081; x_wconf 81' lang='grc'>13,</span> <span class='ocrx_word' id='word_1_367' title='bbox 1379 4022 1421 4071; x_wconf 84' lang='grc'>12.</span> <span class='ocrx_word' id='word_1_368' title='bbox 1522 4022 1563 4086; x_wconf 84' lang='grc'>211)</span> <span class='ocrx_word' id='word_1_369' title='bbox 1585 4020 1763 4085; x_wconf 65' lang='lat' dir='ltr'>locabit.</span> <span class='ocrx_word' id='word_1_370' title='bbox 1864 4024 1905 4084; x_wconf 77' lang='grc'>231</span> <span class='ocrx_word' id='word_1_371' title='bbox 1927 4020 2026 4074; x_wconf 85' lang='lat' dir='ltr'>Matth.</span> 
     </span>
     <span class='ocr_line' id='line_1_35' title="bbox 412 4104 1575 4172; baseline 0.007 -20"><span class='ocrx_word' id='word_1_372' title='bbox 412 4105 436 4168; x_wconf 81' lang='lat' dir='ltr'>a,</span> <span class='ocrx_word' id='word_1_373' title='bbox 458 4105 483 4156; x_wconf 83' lang='grc'>4.</span> <span class='ocrx_word' id='word_1_374' title='bbox 589 4107 630 4171; x_wconf 74' lang='grc'>251</span> <span class='ocrx_word' id='word_1_375' title='bbox 651 4104 729 4161; x_wconf 89' lang='lat' dir='ltr'>Ioan.</span> <span class='ocrx_word' id='word_1_376' title='bbox 752 4109 791 4172; x_wconf 79' lang='grc'>13,</span> <span class='ocrx_word' id='word_1_377' title='bbox 814 4107 854 4157; x_wconf 76' lang='lat' dir='ltr'>lb,</span> <span class='ocrx_word' id='word_1_378' title='bbox 960 4104 1163 4170; x_wconf 68' lang='lat' dir='ltr'>&#39;ltiIIConl¹</span> <span class='ocrx_word' id='word_1_379' title='bbox 1186 4109 1227 4159; x_wconf 91' lang='grc'>10.</span> <span class='ocrx_word' id='word_1_380' title='bbox 1333 4107 1374 4171; x_wconf 83' lang='grc'>211)</span> <span class='ocrx_word' id='word_1_381' title='bbox 1395 4107 1466 4160; x_wconf 89' lang='lat' dir='ltr'>ibid.</span> <span class='ocrx_word' id='word_1_382' title='bbox 1487 4108 1511 4170; x_wconf 87' lang='grc'>2,</span> <span class='ocrx_word' id='word_1_383' title='bbox 1535 4109 1575 4160; x_wconf 91' lang='grc'>11.</span> 
     </span>
    </p>
   </div>
   <div class='ocr_carea' id='block_1_4' title="bbox 382 4433 2105 5793">
    <p class='ocr_par' dir='ltr' id='par_1_7' title="bbox 410 4433 2105 5275">
     <span class='ocr_line' id='line_1_36' title="bbox 483 4433 2028 4503; baseline 0.003 -21"><span class='ocrx_word' id='word_1_384' title='bbox 483 4441 493 4482; x_wconf 88' lang='grc'>1</span> <span class='ocrx_word' id='word_1_385' title='bbox 513 4441 564 4483; x_wconf 83' lang='lat' dir='ltr'>tres</span> <span class='ocrx_word' id='word_1_386' title='bbox 582 4442 643 4484; x_wconf 84' lang='lat' dir='ltr'>sunt</span> <span class='ocrx_word' id='word_1_387' title='bbox 659 4439 701 4498; x_wconf 91' lang='lat' dir='ltr'>qui</span> <span class='ocrx_word' id='word_1_388' title='bbox 721 4433 779 4503; x_wconf 71' lang='lat' dir='ltr'>cta]</span> <span class='ocrx_word' id='word_1_389' title='bbox 800 4439 883 4486; x_wconf 81' lang='lat' dir='ltr'>‘Hace</span> <span class='ocrx_word' id='word_1_390' title='bbox 901 4437 987 4497; x_wconf 82' lang='lat' dir='ltr'>verba,</span> <span class='ocrx_word' id='word_1_391' title='bbox 1009 4451 1070 4498; x_wconf 83' lang='lat' dir='ltr'>quac</span> <span class='ocrx_word' id='word_1_392' title='bbox 1089 4439 1115 4484; x_wconf 82' lang='lat' dir='ltr'>iu</span> <span class='ocrx_word' id='word_1_393' title='bbox 1131 4435 1259 4484; x_wconf 71' lang='lat' dir='ltr'>nonnanis</span> <span class='ocrx_word' id='word_1_394' title='bbox 1277 4434 1322 4484; x_wconf 79' lang='lat' dir='ltr'>SS.</span> <span class='ocrx_word' id='word_1_395' title='bbox 1344 4436 1480 4483; x_wconf 80' lang='lat' dir='ltr'>Blbticram</span> <span class='ocrx_word' id='word_1_396' title='bbox 1497 4437 1618 4485; x_wconf 78' lang='lat' dir='ltr'>codicibus</span> <span class='ocrx_word' id='word_1_397' title='bbox 1636 4439 1811 4485; x_wconf 78' lang='lat' dir='ltr'>translatorum</span> <span class='ocrx_word' id='word_1_398' title='bbox 1829 4438 1970 4501; x_wconf 77' lang='lat' dir='ltr'>iafidctitate</span> <span class='ocrx_word' id='word_1_399' title='bbox 1987 4453 2028 4486; x_wconf 78' lang='lat' dir='ltr'>cx-</span> 
     </span>
     <span class='ocr_line' id='line_1_37' title="bbox 411 4521 2028 4585; baseline 0.004 -17"><span class='ocrx_word' id='word_1_400' title='bbox 411 4521 497 4570; x_wconf 81' lang='lat' dir='ltr'>cr&#39;dissc</span> <span class='ocrx_word' id='word_1_401' title='bbox 514 4527 671 4583; x_wconf 77' lang='lat' dir='ltr'>conqueritur</span> <span class='ocrx_word' id='word_1_402' title='bbox 689 4523 714 4572; x_wconf 80' lang='lat' dir='ltr'>S.</span> <span class='ocrx_word' id='word_1_403' title='bbox 737 4524 909 4585; x_wconf 71' lang='lat' dir='ltr'>Hirronpnuas,</span> <span class='ocrx_word' id='word_1_404' title='bbox 929 4525 966 4570; x_wconf 80' lang='lat' dir='ltr'>acl</span> <span class='ocrx_word' id='word_1_405' title='bbox 985 4525 1064 4584; x_wconf 81' lang='lat' dir='ltr'>quivis</span> <span class='ocrx_word' id='word_1_406' title='bbox 1082 4524 1147 4570; x_wconf 79' lang='lat' dir='ltr'>clius</span> <span class='ocrx_word' id='word_1_407' title='bbox 1164 4527 1259 4580; x_wconf 79' lang='lat' dir='ltr'>auctor,</span> <span class='ocrx_word' id='word_1_408' title='bbox 1281 4524 1322 4583; x_wconf 82' lang='lat' dir='ltr'>qai</span> <span class='ocrx_word' id='word_1_409' title='bbox 1340 4522 1384 4569; x_wconf 81' lang='lat' dir='ltr'>aab</span> <span class='ocrx_word' id='word_1_410' title='bbox 1402 4522 1473 4570; x_wconf 80' lang='lat' dir='ltr'>haias</span> <span class='ocrx_word' id='word_1_411' title='bbox 1490 4539 1511 4571; x_wconf 80' lang='lat' dir='ltr'>r.</span> <span class='ocrx_word' id='word_1_412' title='bbox 1531 4523 1634 4570; x_wconf 78' lang='lat' dir='ltr'>doctoris</span> <span class='ocrx_word' id='word_1_413' title='bbox 1649 4526 1747 4572; x_wconf 76' lang='lat' dir='ltr'>aornim</span> <span class='ocrx_word' id='word_1_414' title='bbox 1759 4524 1892 4584; x_wconf 78' lang='lat' dir='ltr'>Protopum</span> <span class='ocrx_word' id='word_1_415' title='bbox 1909 4524 1984 4572; x_wconf 83' lang='lat' dir='ltr'>edidit</span> <span class='ocrx_word' id='word_1_416' title='bbox 2001 4528 2028 4574; x_wconf 82' lang='lat' dir='ltr'>in</span> 
     </span>
     <span class='ocr_line' id='line_1_38' title="bbox 411 4599 2027 4670; baseline 0.002 -14"><span class='ocrx_word' id='word_1_417' title='bbox 411 4609 525 4668; x_wconf 77' lang='lat' dir='ltr'>epistolas</span> <span class='ocrx_word' id='word_1_418' title='bbox 547 4608 690 4669; x_wconf 67' lang='lat' dir='ltr'>canonicas,</span> <span class='ocrx_word' id='word_1_419' title='bbox 710 4611 849 4670; x_wconf 76' lang='lat' dir='ltr'>rclipiosiuc</span> <span class='ocrx_word' id='word_1_420' title='bbox 868 4613 894 4657; x_wconf 81' lang='lat' dir='ltr'>iu</span> <span class='ocrx_word' id='word_1_421' title='bbox 911 4609 1033 4657; x_wconf 82' lang='lat' dir='ltr'>codicibus</span> <span class='ocrx_word' id='word_1_422' title='bbox 1052 4609 1180 4670; x_wconf 71' lang='lat' dir='ltr'>Africanis</span> <span class='ocrx_word' id='word_1_423' title='bbox 1197 4613 1339 4656; x_wconf 70' lang='lat' dir='ltr'>rememora</span> <span class='ocrx_word' id='word_1_424' title='bbox 1357 4609 1434 4669; x_wconf 76' lang='lat' dir='ltr'>[aisse</span> <span class='ocrx_word' id='word_1_425' title='bbox 1450 4613 1523 4669; x_wconf 83' lang='lat' dir='ltr'>patei,</span> <span class='ocrx_word' id='word_1_426' title='bbox 1544 4610 1587 4656; x_wconf 85' lang='lat' dir='ltr'>ubi</span> <span class='ocrx_word' id='word_1_427' title='bbox 1600 4609 1684 4658; x_wconf 83' lang='lat' dir='ltr'>Patres</span> <span class='ocrx_word' id='word_1_428' title='bbox 1696 4599 1810 4670; x_wconf 71' lang='lat' dir='ltr'>Africani</span> <span class='ocrx_word' id='word_1_429' title='bbox 1827 4613 1854 4658; x_wconf 82' lang='lat' dir='ltr'>ia</span> <span class='ocrx_word' id='word_1_430' title='bbox 1871 4625 1951 4659; x_wconf 82' lang='lat' dir='ltr'>auum</span> <span class='ocrx_word' id='word_1_431' title='bbox 1967 4625 2027 4659; x_wconf 80' lang='lat' dir='ltr'>cors-</span> 
     </span>
     <span class='ocr_line' id='line_1_39' title="bbox 410 4691 2028 4760; baseline 0.001 -18"><span class='ocrx_word' id='word_1_432' title='bbox 410 4697 558 4755; x_wconf 73' lang='lat' dir='ltr'>prcqatipro</span> <span class='ocrx_word' id='word_1_433' title='bbox 571 4695 701 4744; x_wconf 81' lang='lat' dir='ltr'>cmtttcuda</span> <span class='ocrx_word' id='word_1_434' title='bbox 713 4696 929 4758; x_wconf 73' lang='lat' dir='ltr'>fideiprofcssioac</span> <span class='ocrx_word' id='word_1_435' title='bbox 942 4709 970 4744; x_wconf 84' lang='lat' dir='ltr'>cu</span> <span class='ocrx_word' id='word_1_436' title='bbox 988 4693 1162 4743; x_wconf 76' lang='lat' dir='ltr'>adlibacmat&#39;</span> <span class='ocrx_word' id='word_1_437' title='bbox 1179 4699 1225 4742; x_wconf 86' lang='lat' dir='ltr'>ctc.</span> <span class='ocrx_word' id='word_1_438' title='bbox 1247 4696 1386 4743; x_wconf 72' lang='lat' dir='ltr'>liniunt</span> <span class='ocrx_word' id='word_1_439' title='bbox 1488 4691 1649 4760; x_wconf 86' lang='lat' dir='ltr'>rrcrbnn1]et</span> <span class='ocrx_word' id='word_1_440' title='bbox 1667 4697 1734 4743; x_wconf 83' lang='lat' dir='ltr'>illius</span> <span class='ocrx_word' id='word_1_441' title='bbox 1753 4696 1791 4757; x_wconf 81' lang='lat' dir='ltr'>Iip</span> <span class='ocrx_word' id='word_1_442' title='bbox 1894 4696 2028 4745; x_wconf 72' lang='lat' dir='ltr'>lauretus</span> 
     </span>
     <span class='ocr_line' id='line_1_40' title="bbox 410 4779 2105 4846; baseline 0.001 -18"><span class='ocrx_word' id='word_1_443' title='bbox 410 4795 458 4830; x_wconf 84' lang='lat' dir='ltr'>om.</span> <span class='ocrx_word' id='word_1_444' title='bbox 474 4783 497 4828; x_wconf 84' lang='lat' dir='ltr'><em>A</em></span> <span class='ocrx_word' id='word_1_445' title='bbox 600 4782 636 4829; x_wconf 92' lang='lat' dir='ltr'>bii</span> <span class='ocrx_word' id='word_1_446' title='bbox 654 4782 715 4842; x_wconf 86' lang='lat' dir='ltr'>BVp</span> <span class='ocrx_word' id='word_1_447' title='bbox 818 4779 1028 4846; x_wconf 67' lang='lat' dir='ltr'>incitaremus!</span> <span class='ocrx_word' id='word_1_448' title='bbox 1047 4783 1169 4843; x_wconf 85' lang='lat' dir='ltr'>qualitate</span> <span class='ocrx_word' id='word_1_449' title='bbox 1188 4783 1220 4842; x_wconf 80' lang='lat' dir='ltr'>A,</span> <span class='ocrx_word' id='word_1_450' title='bbox 1240 4783 1268 4829; x_wconf 89' lang='lat' dir='ltr'>in</span> <span class='ocrx_word' id='word_1_451' title='bbox 1287 4781 1633 4844; x_wconf 74' lang='lat' dir='ltr'>differentieqaslltatellp,</span> <span class='ocrx_word' id='word_1_452' title='bbox 1652 4784 1679 4830; x_wconf 90' lang='lat' dir='ltr'>iu</span> <span class='ocrx_word' id='word_1_453' title='bbox 1698 4783 1859 4831; x_wconf 73' lang='lat' dir='ltr'>differentias</span> <span class='ocrx_word' id='word_1_454' title='bbox 1881 4783 1916 4845; x_wconf 81' lang='lat' dir='ltr'>(ss</span> <span class='ocrx_word' id='word_1_455' title='bbox 1933 4783 2026 4846; x_wconf 79' lang='lat' dir='ltr'>syllaba</span> <span class='ocrx_word' id='word_1_456' title='bbox 2098 4801 2105 4814; x_wconf 94' lang='lat'>·</span> 
     </span>
     <span class='ocr_line' id='line_1_41' title="bbox 410 4868 1993 4932; baseline 0.003 -18"><span class='ocrx_word' id='word_1_457' title='bbox 410 4868 488 4930; x_wconf 66' lang='lat' dir='ltr'>aare)</span> <span class='ocrx_word' id='word_1_458' title='bbox 510 4869 701 4930; x_wconf 76' lang='lat' dir='ltr'>aequalitatel&#39;</span> <span class='ocrx_word' id='word_1_459' title='bbox 811 4869 984 4932; x_wconf 74' lang='lat' dir='ltr'>:lqnilibetp</span> <span class='ocrx_word' id='word_1_460' title='bbox 1098 4868 1183 4917; x_wconf 78' lang='lat' dir='ltr'>ltres</span> <span class='ocrx_word' id='word_1_461' title='bbox 1201 4881 1285 4928; x_wconf 69' lang='lat' dir='ltr'>amp</span> <span class='ocrx_word' id='word_1_462' title='bbox 1390 4868 1501 4928; x_wconf 77' lang='lat' dir='ltr'>bmsgIs</span> <span class='ocrx_word' id='word_1_463' title='bbox 1519 4869 1645 4930; x_wconf 77' lang='lat' dir='ltr'>magisque</span> <span class='ocrx_word' id='word_1_464' title='bbox 1664 4869 1784 4929; x_wconf 81' lang='lat' dir='ltr'>adhncp,</span> <span class='ocrx_word' id='word_1_465' title='bbox 1807 4868 1886 4917; x_wconf 86' lang='lat' dir='ltr'>adhuc</span> <span class='ocrx_word' id='word_1_466' title='bbox 1902 4870 1993 4919; x_wconf 87' lang='lat' dir='ltr'>om.L</span> 
     </span>
     <span class='ocr_line' id='line_1_42' title="bbox 410 4953 2026 5015; baseline 0.001 -14"><span class='ocrx_word' id='word_1_467' title='bbox 410 4967 461 5001; x_wconf 87' lang='lat' dir='ltr'>una</span> <span class='ocrx_word' id='word_1_468' title='bbox 478 4954 619 5014; x_wconf 73' lang='lat' dir='ltr'>dignitasp</span> <span class='ocrx_word' id='word_1_469' title='bbox 722 4953 1005 5004; x_wconf 75' lang='lat' dir='ltr'>bdemonstrsretnrb</span> <span class='ocrx_word' id='word_1_470' title='bbox 1108 4953 1523 5014; x_wconf 74' lang='lat' dir='ltr'>liobAltp:iobpria1013tV</span> <span class='ocrx_word' id='word_1_471' title='bbox 1634 4953 1800 5015; x_wconf 81' lang='lat' dir='ltr'>Sdimitiep</span> <span class='ocrx_word' id='word_1_472' title='bbox 1904 4955 2026 5004; x_wconf 61' lang='lat' dir='ltr'>§lamatio</span> 
     </span>
     <span class='ocr_line' id='line_1_43' title="bbox 410 5039 1991 5102; baseline 0.002 -15"><span class='ocrx_word' id='word_1_473' title='bbox 410 5047 436 5088; x_wconf 87' lang='lat' dir='ltr'>et</span> <span class='ocrx_word' id='word_1_474' title='bbox 453 5041 581 5088; x_wconf 79' lang='lat' dir='ltr'>recensito</span> <span class='ocrx_word' id='word_1_475' title='bbox 600 5040 678 5102; x_wconf 82' lang='lat' dir='ltr'>Altp:</span> <span class='ocrx_word' id='word_1_476' title='bbox 698 5044 825 5090; x_wconf 84' lang='lat' dir='ltr'>renouatIo</span> <span class='ocrx_word' id='word_1_477' title='bbox 843 5049 870 5091; x_wconf 89' lang='lat' dir='ltr'>et</span> <span class='ocrx_word' id='word_1_478' title='bbox 888 5043 977 5090; x_wconf 81' lang='lat' dir='ltr'>crastin</span> <span class='ocrx_word' id='word_1_479' title='bbox 996 5041 1049 5101; x_wconf 85' lang='lat' dir='ltr'>LV,</span> <span class='ocrx_word' id='word_1_480' title='bbox 1070 5042 1198 5088; x_wconf 83' lang='lat' dir='ltr'>renouatio</span> <span class='ocrx_word' id='word_1_481' title='bbox 1216 5046 1242 5087; x_wconf 89' lang='lat' dir='ltr'>et</span> <span class='ocrx_word' id='word_1_482' title='bbox 1258 5041 1379 5087; x_wconf 81' lang='lat' dir='ltr'>recreatto</span> <span class='ocrx_word' id='word_1_483' title='bbox 1396 5039 1419 5086; x_wconf 86' lang='lat' dir='ltr'>B</span> <span class='ocrx_word' id='word_1_484' title='bbox 1542 5040 1571 5089; x_wconf 88' lang='grc'>111</span> <span class='ocrx_word' id='word_1_485' title='bbox 1589 5041 1694 5089; x_wconf 87' lang='lat' dir='ltr'>dubium</span> <span class='ocrx_word' id='word_1_486' title='bbox 1712 5041 1734 5086; x_wconf 89' lang='lat' dir='ltr'><strong><em>B</em></strong></span> <span class='ocrx_word' id='word_1_487' title='bbox 1837 5043 1952 5102; x_wconf 85' lang='lat' dir='ltr'>spiritum</span> <span class='ocrx_word' id='word_1_488' title='bbox 1971 5042 1991 5090; x_wconf 91' lang='lat' dir='ltr'><em>L</em></span> 
     </span>
     <span class='ocr_line' id='line_1_44' title="bbox 412 5115 1992 5194; baseline 0.001 -20"><span class='ocrx_word' id='word_1_489' title='bbox 412 5124 440 5175; x_wconf 89' lang='lat'>11</span> <span class='ocrx_word' id='word_1_490' title='bbox 461 5123 532 5192; x_wconf 84' lang='lat' dir='ltr'>quin]</span> <span class='ocrx_word' id='word_1_491' title='bbox 550 5127 642 5189; x_wconf 83' lang='lat' dir='ltr'>quodp</span> <span class='ocrx_word' id='word_1_492' title='bbox 702 5115 773 5175; x_wconf 42' lang='lat' dir='ltr'>‘et</span> <span class='ocrx_word' id='word_1_493' title='bbox 789 5128 890 5188; x_wconf 89' lang='lat' dir='ltr'>quidem</span> <span class='ocrx_word' id='word_1_494' title='bbox 904 5128 980 5188; x_wconf 76' lang='lat' dir='ltr'>Llip:</span> <span class='ocrx_word' id='word_1_495' title='bbox 999 5127 1115 5189; x_wconf 87' lang='lat' dir='ltr'>equidem</span> <span class='ocrx_word' id='word_1_496' title='bbox 1135 5126 1324 5194; x_wconf 75' lang='lat' dir='ltr'>ABVctoulpo</span> <span class='ocrx_word' id='word_1_497' title='bbox 1431 5126 1460 5174; x_wconf 94' lang='grc'>12</span> <span class='ocrx_word' id='word_1_498' title='bbox 1479 5124 1534 5193; x_wconf 88' lang='lat' dir='ltr'>qui]</span> <span class='ocrx_word' id='word_1_499' title='bbox 1552 5128 1667 5190; x_wconf 84' lang='lat' dir='ltr'>quoniam</span> <span class='ocrx_word' id='word_1_500' title='bbox 1682 5143 1699 5187; x_wconf 82' lang='lat' dir='ltr'>p</span> <span class='ocrx_word' id='word_1_501' title='bbox 1805 5125 1992 5176; x_wconf 63' lang='lat' dir='ltr'>recurrenti</span> 
     </span>
     <span class='ocr_line' id='line_1_45' title="bbox 414 5211 2026 5275; baseline -0.001 -12"><span class='ocrx_word' id='word_1_502' title='bbox 414 5211 444 5263; x_wconf 79' lang='lat' dir='ltr'>tl</span> <span class='ocrx_word' id='word_1_503' title='bbox 463 5215 493 5261; x_wconf 82' lang='lat' dir='ltr'>ab</span> <span class='ocrx_word' id='word_1_504' title='bbox 512 5212 620 5262; x_wconf 83' lang='lat' dir='ltr'><em>ABRV:</em></span> <span class='ocrx_word' id='word_1_505' title='bbox 638 5228 652 5260; x_wconf 79' lang='grc' dir='ltr'>ι</span> <span class='ocrx_word' id='word_1_506' title='bbox 671 5213 709 5273; x_wconf 78' lang='lat' dir='ltr'>Lp</span> <span class='ocrx_word' id='word_1_507' title='bbox 727 5217 750 5260; x_wconf 90' lang='lat' dir='ltr'>ct</span> <span class='ocrx_word' id='word_1_508' title='bbox 766 5216 841 5274; x_wconf 81' lang='lat' dir='ltr'>culpo</span> <span class='ocrx_word' id='word_1_509' title='bbox 957 5219 1042 5262; x_wconf 84' lang='lat' dir='ltr'>sarrcto</span> <span class='ocrx_word' id='word_1_510' title='bbox 1061 5215 1114 5275; x_wconf 87' lang='lat' dir='ltr'>ipso</span> <span class='ocrx_word' id='word_1_511' title='bbox 1131 5227 1179 5262; x_wconf 87' lang='lat' dir='ltr'>om.</span> <span class='ocrx_word' id='word_1_512' title='bbox 1200 5215 1231 5272; x_wconf 77' lang='lat' dir='ltr'>A,</span> <span class='ocrx_word' id='word_1_513' title='bbox 1251 5215 1305 5275; x_wconf 86' lang='lat' dir='ltr'>ipsc</span> <span class='ocrx_word' id='word_1_514' title='bbox 1323 5225 1406 5273; x_wconf 82' lang='lat' dir='ltr'>om.p</span> <span class='ocrx_word' id='word_1_515' title='bbox 1522 5215 1621 5261; x_wconf 88' lang='lat' dir='ltr'>domino</span> <span class='ocrx_word' id='word_1_516' title='bbox 1638 5214 1736 5261; x_wconf 80' lang='lat' dir='ltr'>dinente</span> <span class='ocrx_word' id='word_1_517' title='bbox 1755 5214 1793 5260; x_wconf 79' lang='lat' dir='ltr'>A:</span> <span class='ocrx_word' id='word_1_518' title='bbox 1811 5214 1911 5264; x_wconf 85' lang='lat' dir='ltr'>dloente</span> <span class='ocrx_word' id='word_1_519' title='bbox 1929 5214 2026 5262; x_wconf 86' lang='lat' dir='ltr'>domino</span> 
     </span>
    </p>

    <p class='ocr_par' dir='ltr' id='par_1_8' title="bbox 382 5297 2027 5793">
     <span class='ocr_line' id='line_1_46' title="bbox 382 5297 2027 5363; baseline 0.001 -16"><span class='ocrx_word' id='word_1_520' title='bbox 382 5301 463 5348; x_wconf 76' lang='lat' dir='ltr'>&#39;rclt</span> <span class='ocrx_word' id='word_1_521' title='bbox 483 5305 506 5347; x_wconf 90' lang='lat' dir='ltr'>ct</span> <span class='ocrx_word' id='word_1_522' title='bbox 522 5301 596 5361; x_wconf 79' lang='lat' dir='ltr'>culpo</span> <span class='ocrx_word' id='word_1_523' title='bbox 702 5297 733 5346; x_wconf 85' lang='lat'>15</span> <span class='ocrx_word' id='word_1_524' title='bbox 752 5313 801 5346; x_wconf 90' lang='lat' dir='ltr'>una</span> <span class='ocrx_word' id='word_1_525' title='bbox 818 5314 904 5360; x_wconf 80' lang='lat' dir='ltr'>om.p</span> <span class='ocrx_word' id='word_1_526' title='bbox 1018 5299 1048 5348; x_wconf 89' lang='grc'>16</span> <span class='ocrx_word' id='word_1_527' title='bbox 1066 5305 1202 5347; x_wconf 84' lang='lat' dir='ltr'>monstrata</span> <span class='ocrx_word' id='word_1_528' title='bbox 1221 5298 1350 5346; x_wconf 85' lang='lat' dir='ltr'><em>ABLRV:</em></span> <span class='ocrx_word' id='word_1_529' title='bbox 1369 5298 1536 5348; x_wconf 86' lang='lat' dir='ltr'>demonstrata</span> <span class='ocrx_word' id='word_1_530' title='bbox 1551 5315 1568 5360; x_wconf 79' lang='lat' dir='ltr'>p</span> <span class='ocrx_word' id='word_1_531' title='bbox 1586 5306 1609 5348; x_wconf 81' lang='lat' dir='ltr'>ct</span> <span class='ocrx_word' id='word_1_532' title='bbox 1625 5302 1699 5361; x_wconf 70' lang='lat' dir='ltr'>«adpo</span> <span class='ocrx_word' id='word_1_533' title='bbox 1813 5299 1842 5349; x_wconf 86' lang='grc'>17</span> <span class='ocrx_word' id='word_1_534' title='bbox 1861 5302 2027 5363; x_wconf 82' lang='lat' dir='ltr'>praescientis</span> 
     </span>
     <span class='ocr_line' id='line_1_47' title="bbox 411 5385 2022 5448; baseline 0.001 -14"><span class='ocrx_word' id='word_1_535' title='bbox 411 5387 466 5446; x_wconf 80' lang='lat' dir='ltr'>AB,</span> <span class='ocrx_word' id='word_1_536' title='bbox 486 5388 654 5448; x_wconf 64' lang='lat' dir='ltr'>praesentum</span> <span class='ocrx_word' id='word_1_537' title='bbox 672 5385 711 5446; x_wconf 76' lang='lat' dir='ltr'>Lp</span> <span class='ocrx_word' id='word_1_538' title='bbox 824 5387 936 5434; x_wconf 90' lang='lat' dir='ltr'>omnium</span> <span class='ocrx_word' id='word_1_539' title='bbox 954 5400 1067 5446; x_wconf 84' lang='lat' dir='ltr'>rerump</span> <span class='ocrx_word' id='word_1_540' title='bbox 1182 5387 1209 5433; x_wconf 89' lang='lat' dir='ltr'>in</span> <span class='ocrx_word' id='word_1_541' title='bbox 1228 5385 1274 5432; x_wconf 86' lang='lat' dir='ltr'>deo</span> <span class='ocrx_word' id='word_1_542' title='bbox 1294 5388 1332 5432; x_wconf 77' lang='lat' dir='ltr'>A:</span> <span class='ocrx_word' id='word_1_543' title='bbox 1351 5387 1377 5433; x_wconf 88' lang='lat' dir='ltr'>ln</span> <span class='ocrx_word' id='word_1_544' title='bbox 1395 5386 1495 5436; x_wconf 90' lang='lat' dir='ltr'>domiuo</span> <span class='ocrx_word' id='word_1_545' title='bbox 1512 5387 1612 5446; x_wconf 80' lang='lat' dir='ltr'>BLIW,</span> <span class='ocrx_word' id='word_1_546' title='bbox 1632 5401 1680 5435; x_wconf 86' lang='lat' dir='ltr'>om.</span> <span class='ocrx_word' id='word_1_547' title='bbox 1697 5401 1715 5448; x_wconf 79' lang='lat' dir='ltr'>p</span> <span class='ocrx_word' id='word_1_548' title='bbox 1836 5388 1974 5436; x_wconf 86' lang='lat' dir='ltr'>occulorum</span> <span class='ocrx_word' id='word_1_549' title='bbox 1993 5388 2022 5447; x_wconf 85' lang='lat' dir='ltr'>L,</span> 
     </span>
     <span class='ocr_line' id='line_1_48' title="bbox 410 5467 1994 5537; baseline 0 -17"><span class='ocrx_word' id='word_1_550' title='bbox 410 5477 466 5521; x_wconf 83' lang='lat' dir='ltr'>item</span> <span class='ocrx_word' id='word_1_551' title='bbox 483 5489 507 5521; x_wconf 86' lang='lat' dir='ltr'>o.</span> <span class='ocrx_word' id='word_1_552' title='bbox 530 5471 560 5520; x_wconf 89' lang='grc'>19</span> <span class='ocrx_word' id='word_1_553' title='bbox 579 5477 602 5520; x_wconf 83' lang='lat' dir='ltr'>ct</span> <span class='ocrx_word' id='word_1_554' title='bbox 620 5470 652 5520; x_wconf 89' lang='grc'>22</span> <span class='ocrx_word' id='word_1_555' title='bbox 759 5470 789 5520; x_wconf 88' lang='grc'>18</span> <span class='ocrx_word' id='word_1_556' title='bbox 808 5472 914 5520; x_wconf 86' lang='lat' dir='ltr'>danielis</span> <span class='ocrx_word' id='word_1_557' title='bbox 930 5486 947 5532; x_wconf 83' lang='lat' dir='ltr'>p</span> <span class='ocrx_word' id='word_1_558' title='bbox 965 5476 988 5519; x_wconf 86' lang='lat' dir='ltr'>ct</span> <span class='ocrx_word' id='word_1_559' title='bbox 1006 5472 1081 5532; x_wconf 73' lang='lat' dir='ltr'>culpo</span> <span class='ocrx_word' id='word_1_560' title='bbox 1159 5529 1161 5534; x_wconf 28' lang='grc' dir='ltr'>Ι</span> <span class='ocrx_word' id='word_1_561' title='bbox 1195 5469 1226 5519; x_wconf 82' lang='grc'>19</span> <span class='ocrx_word' id='word_1_562' title='bbox 1244 5467 1390 5537; x_wconf 74' lang='lat' dir='ltr'>autequam]</span> <span class='ocrx_word' id='word_1_563' title='bbox 1407 5473 1520 5534; x_wconf 63' lang='lat' dir='ltr'>quaml„</span> <span class='ocrx_word' id='word_1_564' title='bbox 1636 5472 1668 5521; x_wconf 86' lang='grc'>20</span> <span class='ocrx_word' id='word_1_565' title='bbox 1686 5472 1847 5520; x_wconf 75' lang='lat' dir='ltr'>haerentem</span> <span class='ocrx_word' id='word_1_566' title='bbox 1866 5473 1994 5521; x_wconf 78' lang='lat' dir='ltr'>ecdemV</span> 
     </span>
     <span class='ocr_line' id='line_1_49' title="bbox 410 5555 2025 5621; baseline -0.002 -14"><span class='ocrx_word' id='word_1_567' title='bbox 410 5557 440 5607; x_wconf 92' lang='grc'>21</span> <span class='ocrx_word' id='word_1_568' title='bbox 461 5571 511 5607; x_wconf 89' lang='lat' dir='ltr'>nou</span> <span class='ocrx_word' id='word_1_569' title='bbox 528 5571 576 5606; x_wconf 84' lang='lat' dir='ltr'>orn.</span> <span class='ocrx_word' id='word_1_570' title='bbox 597 5557 634 5618; x_wconf 76' lang='lat' dir='ltr'>ap</span> <span class='ocrx_word' id='word_1_571' title='bbox 738 5555 769 5605; x_wconf 80' lang='lat'>23</span> <span class='ocrx_word' id='word_1_572' title='bbox 788 5559 854 5619; x_wconf 89' lang='lat' dir='ltr'>quod</span> <span class='ocrx_word' id='word_1_573' title='bbox 875 5555 906 5606; x_wconf 84' lang='lat' dir='ltr'>V¹</span> <span class='ocrx_word' id='word_1_574' title='bbox 1010 5555 1109 5606; x_wconf 80' lang='grc'>21-27</span> <span class='ocrx_word' id='word_1_575' title='bbox 1130 5557 1247 5621; x_wconf 73' lang='lat' dir='ltr'>similiter</span> <span class='ocrx_word' id='word_1_576' title='bbox 1265 5559 1368 5617; x_wconf 82' lang='lat' dir='ltr'>spiritus</span> <span class='ocrx_word' id='word_1_577' title='bbox 1386 5559 1508 5619; x_wconf 86' lang='lat' dir='ltr'>praescire</span> <span class='ocrx_word' id='word_1_578' title='bbox 1526 5558 1608 5605; x_wconf 80' lang='lat' dir='ltr'>omnis</span> <span class='ocrx_word' id='word_1_579' title='bbox 1626 5571 1675 5605; x_wconf 90' lang='lat' dir='ltr'>nou</span> <span class='ocrx_word' id='word_1_580' title='bbox 1693 5557 1821 5606; x_wconf 81' lang='lat' dir='ltr'>dubitatur</span> <span class='ocrx_word' id='word_1_581' title='bbox 1842 5559 1934 5618; x_wconf 74' lang='lat' dir='ltr'>[madia</span> <span class='ocrx_word' id='word_1_582' title='bbox 1952 5561 2025 5606; x_wconf 81' lang='lat' dir='ltr'>mnis-</span> 
     </span>
     <span class='ocr_line' id='line_1_50' title="bbox 409 5641 2026 5706; baseline -0.001 -14"><span class='ocrx_word' id='word_1_583' title='bbox 409 5647 450 5706; x_wconf 80' lang='lat' dir='ltr'>cr&#39;c]</span> <span class='ocrx_word' id='word_1_584' title='bbox 466 5644 539 5692; x_wconf 78' lang='lat' dir='ltr'>Bora.</span> <span class='ocrx_word' id='word_1_585' title='bbox 554 5643 592 5703; x_wconf 81' lang='lat' dir='ltr'>Rp</span> <span class='ocrx_word' id='word_1_586' title='bbox 696 5641 729 5692; x_wconf 82' lang='lat'>25</span> <span class='ocrx_word' id='word_1_587' title='bbox 747 5645 865 5693; x_wconf 81' lang='lat' dir='ltr'>docenii.</span> <span class='ocrx_word' id='word_1_588' title='bbox 881 5681 886 5692; x_wconf 95' lang='lat'><em>.</em></span> <span class='ocrx_word' id='word_1_589' title='bbox 902 5642 1097 5692; x_wconf 80' lang='lat' dir='ltr'>adnuutlsultB</span> <span class='ocrx_word' id='word_1_590' title='bbox 1200 5641 1232 5692; x_wconf 86' lang='grc'>26</span> <span class='ocrx_word' id='word_1_591' title='bbox 1251 5646 1367 5692; x_wconf 81' lang='lat' dir='ltr'>nuntiare</span> <span class='ocrx_word' id='word_1_592' title='bbox 1380 5643 1487 5690; x_wconf 83' lang='lat' dir='ltr'><em>ABLV:</em></span> <span class='ocrx_word' id='word_1_593' title='bbox 1506 5643 1655 5691; x_wconf 79' lang='lat' dir='ltr'>adnuntiare</span> <span class='ocrx_word' id='word_1_594' title='bbox 1673 5643 1711 5692; x_wconf 82' lang='lat' dir='ltr'>cd.</span> <span class='ocrx_word' id='word_1_595' title='bbox 1726 5643 1801 5693; x_wconf 74' lang='lat' dir='ltr'>Ruta.</span> <span class='ocrx_word' id='word_1_596' title='bbox 1906 5642 1938 5692; x_wconf 87' lang='grc'>27</span> <span class='ocrx_word' id='word_1_597' title='bbox 1959 5657 2026 5690; x_wconf 82' lang='lat' dir='ltr'>scra-</span> 
     </span>
     <span class='ocr_line' id='line_1_51' title="bbox 410 5724 1810 5793; baseline -0.001 -15"><span class='ocrx_word' id='word_1_598' title='bbox 410 5737 475 5778; x_wconf 89' lang='lat' dir='ltr'>tator</span> <span class='ocrx_word' id='word_1_599' title='bbox 496 5729 525 5776; x_wconf 75' lang='lat' dir='ltr'>V¹</span> <span class='ocrx_word' id='word_1_600' title='bbox 628 5730 769 5776; x_wconf 79' lang='lat' dir='ltr'>alutadinis</span> <span class='ocrx_word' id='word_1_601' title='bbox 787 5730 833 5776; x_wconf 81' lang='lat' dir='ltr'>BV</span> <span class='ocrx_word' id='word_1_602' title='bbox 936 5730 968 5778; x_wconf 84' lang='grc'>28</span> <span class='ocrx_word' id='word_1_603' title='bbox 986 5724 1263 5793; x_wconf 78' lang='lat' dir='ltr'>dicens]npostolusL</span> <span class='ocrx_word' id='word_1_604' title='bbox 1368 5729 1400 5776; x_wconf 81' lang='lat'>30</span> <span class='ocrx_word' id='word_1_605' title='bbox 1419 5729 1523 5788; x_wconf 86' lang='lat' dir='ltr'>splritus</span> <span class='ocrx_word' id='word_1_606' title='bbox 1541 5729 1596 5775; x_wconf 87' lang='lat' dir='ltr'>eius</span> <span class='ocrx_word' id='word_1_607' title='bbox 1614 5732 1658 5790; x_wconf 92' lang='lat' dir='ltr'>qui</span> <span class='ocrx_word' id='word_1_608' title='bbox 1676 5729 1714 5777; x_wconf 87' lang='lat' dir='ltr'>cd.</span> <span class='ocrx_word' id='word_1_609' title='bbox 1736 5729 1810 5776; x_wconf 74' lang='lat' dir='ltr'>Ruta.</span> 
     </span>
    </p>
   </div>
   <div class='ocr_carea' id='block_1_5' title="bbox 0 0 2292 6423">
    <p class='ocr_par' dir='ltr' id='par_1_9' title="bbox 0 0 2292 6423">
     <span class='ocr_line' id='line_1_52' title="bbox 0 0 2292 6423; baseline 0 0"><span class='ocrx_word' id='word_1_610' title='bbox 0 0 2292 6423; x_wconf 95' lang='lat' dir='ltr'> </span> 
     </span>
    </p>
   </div>
  </div>
 </body>
</html>
