4508 6434
1194 458 1195 466 κ
1220 425 1367 482 COBIPPI

873 625 942 684 aret
963 618 1075 702 lingua
1097 618 1192 698 viris,
1218 616 1319 683 iacies
1342 619 1449 700 rubet,
1475 619 1560 683 altus
1582 618 1714 684 anhelat

874 728 1003 807 pectora
1023 723 1132 807 pulmo
1154 722 1258 804 ciens,
1284 721 1444 804 mittitque
1466 743 1484 788 e
1506 722 1638 787 naribus
1658 721 1776 805 ignem.

872 821 989 909 aspera
1011 827 1174 891 subtracta
1195 824 1378 891 fervescunt
1399 843 1455 890 ora
1477 825 1597 908 saliva,

873 934 906 993 et
926 928 1002 992 furit
1024 935 1155 994 exustus
1178 928 1270 994 siccis
1293 928 1326 993 in
1348 927 1496 994 faucibus
1518 927 1624 993 ardor.

686 1037 693 1056 ⁸
746 1053 751 1088 :
873 1031 975 1096 omnis
997 1031 1037 1095 ab
1059 1031 1193 1097 internis
1215 1031 1328 1096 humor
1348 1029 1419 1097 fluit
1439 1031 1555 1096 anxius
1578 1030 1679 1112 exus,

872 1134 1098 1219 perfunditque
1121 1142 1242 1217 cutem,
1268 1155 1362 1218 quem
1384 1155 1457 1201 mox
1480 1135 1604 1202 exiccat
1624 1133 1752 1218 iniquus

872 1239 955 1302 aeris
977 1239 1047 1323 ipse
1070 1238 1173 1318 calor,
1199 1239 1404 1323 tepidumque
1426 1258 1447 1303 a
1468 1259 1598 1324 corpore
1620 1238 1726 1304 sumit.

957 1341 1038 1407 vidit
1059 1349 1094 1408 ut
1115 1342 1175 1406 hoc
1197 1342 1325 1425 ductor,
1350 1342 1450 1408 dilato
1472 1343 1573 1408 Marte
1595 1342 1755 1407 lohannes

872 1451 977 1510 castra
999 1464 1095 1530 super
1117 1444 1228 1511 dulces
1250 1446 1356 1530 posuit
1377 1446 1518 1512 sitientia
1538 1446 1654 1511 fontes.

763 1593 767 1606 ·
871 1547 1000 1614 confluit
1020 1547 1064 1614 ad
1085 1549 1211 1632 gelidas
1233 1549 1351 1614 ardens
1372 1550 1530 1615 exercitus
1552 1548 1673 1629 undae,

870 1653 1116 1736 incumbuntque
1139 1652 1202 1718 siti.
1249 1673 1312 1736 quo
1333 1671 1420 1718 more
1443 1653 1609 1719 canalibus
1632 1653 1713 1718 horti

870 1755 1055 1822 innumerae
1078 1755 1252 1822 densantur
1273 1775 1369 1842 apes,
1396 1777 1466 1822 cum
1489 1757 1557 1822 sole
1580 1755 1639 1823 snb
1661 1757 1727 1822 alto

869 1859 934 1924 iam
957 1879 1029 1925 sese
1051 1879 1070 1925 e
1092 1867 1187 1945 pastu
1209 1858 1367 1941 referunt,
1394 1859 1524 1944 rivoque
1546 1859 1657 1927 fluenti

871 1961 1054 2028 mellificum
1078 1963 1158 2028 bibit
1179 1983 1295 2046 agmen
1316 1982 1435 2047 aquas,
1462 1963 1509 2029 sic
1530 1964 1605 2047 igne
1628 1971 1793 2049 perustum

728 2085 748 2102 '¹
872 2087 929 2151 per
950 2066 1037 2151 ripas
1060 2065 1122 2132 ruit
1143 2085 1236 2132 omne
1258 2085 1372 2150 genus.
1419 2087 1483 2132 non
1505 2066 1597 2132 frena
1618 2067 1782 2132 retardant

872 2167 1059 2252 cornipedes
1083 2167 1235 2248 domitos3
1261 2187 1324 2234 non
1346 2187 1429 2252 quae
1452 2187 1549 2253 super
1570 2189 1627 2234 ora
1649 2169 1787 2234 camelos

872 2267 1002 2337 vincula
1023 2291 1096 2336 rara
1117 2278 1236 2338 tenent.
1284 2271 1412 2338 mistum
1434 2291 1538 2356 genus
1560 2292 1654 2338 omne
1676 2272 1806 2338 bibebat

872 2374 1050 2457 undivagos
1073 2373 1196 2440 latices.
1242 2374 1355 2440 ardent
1377 2375 1550 2458 sitiuntque
1571 2374 1729 2440 bibentes.

872 2479 925 2545 bic
947 2479 1083 2562 genibus
1106 2479 1196 2562 lixis,
1222 2479 1368 2546 manibus
1391 2478 1471 2545 bibit
1493 2479 1549 2545 ille
1571 2478 1711 2559 cavatis,

729 2600 776 2636 :¹⁵
872 2601 989 2667 pronus
1010 2599 1112 2664 aquas
1133 2581 1217 2647 alius
1240 2581 1352 2650 lambit
1373 2581 1413 2647 de
1435 2579 1565 2647 flumine
1588 2583 1710 2665 lingna.

871 2686 927 2752 ille
949 2685 1065 2752 cadum
1087 2692 1219 2771 potans,
1244 2691 1388 2769 pateram
1410 2691 1498 2751 tenet
1518 2686 1601 2751 alter
1622 2691 1656 2750 ei
1677 2703 1799 2750 urnam.

872 2789 1004 2855 flumina
1024 2790 1090 2855 iam
1110 2789 1267 2854 minuunt.
1306 2789 1395 2871 ipsas
1416 2788 1587 2874 impressat
1606 2788 1744 2854 harenae

871 2891 1008 2977 belliger
1029 2911 1100 2975 ore,
1126 2911 1223 2976 super
1244 2891 1376 2958 foedant
1396 2910 1477 2975 quas
1499 2911 1599 2978 saepe
1620 2890 1776 2956 movendo

872 2995 1116 3081 quadrupedes,
1141 2995 1316 3078 mistasque
1338 2995 1412 3060 iimo
1433 3015 1494 3062 nec
1514 2994 1636 3080 respuit
1658 2994 1762 3060 undas

747 3118 759 3156 ⁵
869 3101 965 3166 turba
986 3099 1040 3166 siti
1062 3098 1202 3164 fervens.
1249 3098 1382 3164 miseros
1404 3099 1451 3165 sic
1472 3097 1568 3164 flatus
1589 3099 1717 3181 agebat.

950 3203 1085 3288 *Syrtica
1105 3209 1358 3284 metretarum,
1383 3201 1481 3266 nimio
1503 3201 1631 3267 turbata
1652 3221 1787 3286 pavore,
1866 3167 1873 3186 ι

872 3325 972 3372 saeva
993 3308 1053 3372 sub
1075 3307 1207 3373 alternis
1229 3306 1341 3371 urebat
1362 3303 1490 3370 flamma
1512 3304 1651 3390 periclis.

871 3430 1008 3492 namque
1032 3429 1128 3496 super
1149 3415 1244 3476 vento
1265 3408 1393 3492 gravior
1414 3409 1508 3474 timor
1529 3409 1599 3494 ipae
1621 3406 1761 3491 fatigans

871 3514 1135 3597 ingeminansque
1157 3513 1243 3578 sitim
1265 3518 1377 3596 gentes
1399 3512 1542 3596 pellebat
1561 3531 1690 3577 amaras

729 3635 759 3674 ·³
870 3618 918 3683 ire
940 3617 1066 3702 procul,
1092 3615 1207 3682 retinet
1227 3613 1286 3680 sed
1307 3614 1407 3680 victua
1430 3614 1557 3681 Africus
1578 3614 1654 3697 igne

871 3719 1050 3805 impediens
1072 3719 1217 3804 populos.
1264 3716 1405 3803 captivos
1427 3718 1605 3802 comprimit
1626 3717 1722 3782 Afros

872 3821 1000 3889 horrida
1020 3841 1118 3888 mors.
1164 3822 1298 3887 miseros
1320 3821 1439 3906 praedo
1460 3827 1591 3904 urguet,
1617 3819 1746 3886 flamma
1768 3819 1926 3898 retardat,

873 3928 987 3992 lancea
1007 3934 1099 4009 terga
1121 3923 1194 3992 ierit
1215 3925 1419 4007 miseromm‚
1445 3931 1576 4008 pectora
1597 3925 1705 3991 turbat
1743 3999 1747 4008 ,

872 4028 1000 4094 Africus
1021 4029 1097 4112 igne
1120 4028 1238 4093 calens.
1288 4027 1408 4112 eampis
1430 4033 1590 4111 prostrata
1610 4025 1748 4094 cadebat

872 4131 965 4197 turba
986 4151 1130 4215 gemens.
1177 4131 1308 4196 moritur
1329 4130 1427 4195 variis
1449 4151 1507 4215 per
1528 4129 1624 4195 devia
1644 4129 1730 4196 fatis.
1813 4145 1818 4160 ·

872 4233 925 4300 bio
945 4233 1032 4299 venti
1054 4233 1207 4316 flammis,
1234 4233 1287 4299 hic
1307 4233 1397 4298 saevi
1418 4234 1551 4298 vulnere
1573 4231 1665 4315 ferri,

871 4336 924 4400 hic
945 4334 986 4401 ab
1008 4341 1140 4419 utroque
1163 4334 1259 4400 eadit.
1306 4333 1425 4418 gladiis
1447 4353 1520 4399 nam
1544 4353 1674 4419 corpora
1695 4333 1848 4413 fundunt,

870 4439 989 4505 halitus
1010 4439 1043 4503 in
1067 4457 1190 4504 summo
1211 4438 1317 4504 tenuis
1339 4437 1453 4520 quibus
1476 4457 1530 4503 ore
1551 4436 1712 4503 remansit

870 4543 934 4609 iam
957 4543 1084 4628 gravim
1104 4543 1200 4610 ilatus
1221 4541 1353 4608 veniens
1375 4542 1540 4607 Maurusia
1559 4543 1666 4609 turbat

870 4667 1020 4732 corpora,
1045 4654 1145 4713 morte
1166 4665 1326 4732 premens.
1371 4643 1458 4710 misti
1479 4666 1536 4730 per
1557 4652 1649 4731 prata
1670 4644 1828 4711 cadebant

869 4748 948 4814 fessi
970 4747 1207 4833 quadrupedes.
1253 4747 1351 4813 vitam
1373 4765 1442 4812 sors
1463 4765 1564 4813 saeva
1583 4747 1734 4830 negabat.

869 4849 927 4915 sed
948 4857 1057 4916 umen
1077 4849 1221 4916 infensae
1243 4867 1383 4933 urguens
1404 4849 1497 4914 timor
1517 4850 1564 4915 ire
1587 4855 1732 4915 catervas

870 4973 926 5037 per
948 4953 1075 5019 deserta
1096 4954 1194 5018 iubet.
1241 4973 1302 5019 neo
1323 4953 1387 5018 iam
1411 4971 1470 5018 sua
1492 4959 1597 5020 castra
1618 4953 1725 5018 locare

869 5055 1022 5140 permittit
1042 5061 1158 5138 terror,
1184 5056 1243 5121 sed
1264 5057 1377 5139 longae
1399 5055 1491 5141 pellit
1512 5053 1555 5120 ad
1576 5074 1648 5120 oras

726 5182 773 5222 uuo
869 5158 1031 5242 Massylas
1052 5163 1177 5242 gentos.
1223 5159 1274 5224 bis
1294 5159 1408 5241 quinos
1430 5158 1557 5224 Africus
1579 5158 1671 5240 ignes
1730 5211 1731 5216 1

555 5405 605 5456 333
623 5407 687 5454 airis
705 5403 795 5464 Maza,
814 5405 880 5452 aiere
900 5401 921 5447 Τ
990 5402 1125 5464 tepidoque
1143 5401 1258 5450 wicum
1276 5401 1353 5450 Musa.
1425 5400 1475 5450 334
1493 5403 1569 5450 duces
1590 5401 1610 5447 Τ
1679 5399 1729 5450 336
1747 5403 1795 5450 orti
1815 5401 1836 5447 i*
1904 5399 1956 5450 338
1974 5416 1988 5449 e
2010 5402 2106 5469 idm,

484 5493 551 5542 etl·
621 5493 669 5540 343
688 5489 876 5553 sotiuntquaT
946 5486 995 5536 346
1014 5495 1101 5549 potans
1120 5485 1210 5547 Mosa„
1229 5501 1264 5536 aa
1280 5494 1381 5550 portans
1396 5487 1522 5548 praeferat
1539 5487 1663 5548 dubitans,
1684 5487 1809 5550 potami*
1877 5485 1928 5536 348
1946 5502 1989 5536 ore
2011 5487 2106 5554 raam,

484 5593 525 5627 ora
556 5579 584 5642 Τ,
613 5593 661 5640 queo
687 5579 789 5626 lecticae
814 5579 911 5624 motu
936 5589 960 5621 o.
982 5574 1031 5622 347
1058 5575 1121 5636 ipsis
1148 5601 1181 5609 -
1207 5573 1307 5623 bueuia
1333 5575 1406 5622 scribi
1430 5587 1500 5634 poree
1526 5574 1646 5623 intellexit
1674 5573 1752 5622 Muza.
1911 5571 1962 5622 352
1991 5587 2056 5624 seue
2086 5576 2108 5624 Τ

485 5663 533 5714 362
553 5664 653 5714 tneor
756 5663 833 5724 gladii
852 5660 931 5709 Mosa.
1037 5673 1095 5708 nam
1113 5661 1198 5718 Beira,
1218 5673 1267 5708 non
1288 5661 1308 5706 Τ
1412 5660 1462 5710 366
1480 5658 1644 5708 cedebuuti'
1748 5659 1797 5708 366
1814 5673 1867 5707 sore
1884 5658 1973 5721 Beue,
1994 5673 2063 5710 more
2086 5662 2107 5708 Τ

484 5751 532 5802 ici
552 5753 660 5801 insessas
680 5750 700 5796 Τ
804 5747 853 5796 376
871 5749 944 5807 ignes
963 5745 1053 5806 Moza,
1073 5748 1162 5806 ingens
1183 5747 1203 5793 Τ
