4546 6420
916 409 1145 468 moouurvu.
1764 413 1855 480 XLV

216 633 311 698 donis
332 641 494 698 ornantur.
541 633 725 698 Scribarum
755 632 861 700 officio
889 633 950 698 lros
980 634 1066 699 viros
1096 635 1222 700 functos
1244 641 1434 720 casc‘pobta
1456 634 1638 719 indicatffl).
1686 636 1768 703 Cum
1790 658 1852 704 au-

216 761 282 819 tem
303 771 428 836 versus,
454 753 570 835 quibus
592 752 773 818 accuratius
795 753 922 819 titulum
944 773 1101 820 munusve
1124 773 1233 819 eorum
1256 753 1427 820 denotasse
1450 753 1587 837 videtur,
1617 756 1850 824 interveram

220 875 281 938 172
304 879 337 938 et
361 875 421 937 173
444 871 665 938 interciderint
685 909 728 920 -—
750 872 783 938 id
805 872 894 956 quod
914 873 1075 940 Theodori
1090 873 1280 940 Mommseni
1302 874 1479 957 sagacitate
1501 883 1703 959 perspectum
1727 885 1776 942 est
1790 913 1845 959 -,

217 1000 323 1059 utrum
354 993 395 1059 de
424 992 560 1059 tribunis
589 1000 621 1058 et
649 991 801 1074 notariis,
833 1013 876 1058 an
906 992 947 1059 de
975 993 1166 1075 scriniariis,
1200 1013 1242 1058 au
1272 992 1312 1058 de
1342 993 1485 1078 utrisque
1508 993 1603 1060 simul
1625 1003 1756 1080 agatur,
1790 1017 1850 1092 pa-

216 1133 286 1178 rum
317 1119 401 1179 certo
430 1112 576 1196 dignosci
605 1118 721 1196 potest.
768 1112 838 1178 Iam
867 1132 942 1178 vero
964 1112 1139 1198 corippum
1167 1113 1274 1198 ipsum
1304 1131 1342 1178 co
1364 1113 1552 1179 innumero
1578 1112 1696 1198 fuisse,
1730 1115 1850 1182 tribuni

215 1233 315 1317 igitur
350 1239 384 1299 et
414 1232 531 1298 notarii
564 1232 618 1298 vel
651 1230 809 1298 scriniarii
845 1251 977 1298 munere
1009 1231 1153 1298 functum
1191 1251 1263 1298 esse
1300 1232 1403 1316 ipsius
1438 1233 1545 1299 verbis
1579 1233 1643 1316 ita,
1685 1242 1720 1300 ut
1754 1233 1851 1300 dubi-

216 1353 278 1420 tari
311 1359 466 1436 nequeat,
503 1352 799 1434 demonstraturlil.
854 1352 981 1437 Optime
1018 1371 1088 1418 cum
1125 1351 1184 1417 hoc
1219 1352 1288 1417 loco
1325 1352 1409 1418 alius
1447 1354 1611 1436 convenit,
1652 1374 1715 1436 quo
1751 1361 1851 1438 poeta

216 1473 398 1557 quaestoris
419 1472 503 1538 sacri
524 1471 637 1557 palatii
659 1472 719 1536 sub
741 1471 870 1537 nomine
893 1491 929 1538 sc
958 1471 1113 1558 principis
1142 1471 1283 1538 officium
1311 1477 1440 1555 gestare
1468 1475 1693 1557 asseverem).
1741 1473 1851 1552 Quae·

215 1600 283 1659 stor
310 1593 396 1658 enim
424 1612 487 1659 non
514 1591 655 1658 officium
684 1591 847 1676 proprium
877 1591 1033 1672 babebat,
1068 1591 1128 1658 sed
1154 1591 1355 1658 adiutoribus
1386 1613 1403 1658 e
1434 1592 1559 1658 scriniis
1589 1593 1688 1660 variis
1720 1593 1850 1660 selectis

217 1713 368 1808 utebatur
379 1716 427 1793 ι7).
889 1797 890 1802 ἵ

302 1851 418 1915 Primis
448 1849 539 1932 regni
560 1849 678 1914 lustini
703 1850 815 1930 annis,
848 1848 965 1930 quibus
995 1849 1224 1934 panegyricum
1253 1849 1287 1914 in
1317 1849 1447 1915 laudem
1469 1848 1586 1914 Iustini
1609 1849 1753 1935 scripsit,
1785 1849 1851 1913 iam

216 1971 324 2036 fessus
347 1970 481 2052 senio¹⁸l
509 1969 666 2054 Oorippus
690 1975 759 2034 erat
780 1975 813 2034 et
834 1968 966 2052 insuper
987 1967 1225 2034 calamitatibus
1248 1969 1459 2052 quibusdam,
1494 1989 1577 2053 quse
1600 1965 1758 2036 fortunam
1782 1969 1852 2034 eius

215 2098 409 2171 merserant,
440 2091 487 2156 ita
516 2087 673 2172 afflictus,
706 2095 742 2154 ut
770 2108 833 2154 non
864 2087 931 2152 suis
961 2088 1102 2171 viribus,
1135 2088 1194 2153 sed
1223 2089 1424 2174 imperatoris
1454 2095 1577 2155 tentum
1600 2109 1660 2173 ope
1683 2107 1852 2172 resurgere

216 2230 312 2296 posse
335 2210 397 2276 sibi
419 2205 584 2275 videretur
594 2211 645 2293 ¹⁷).
692 2207 778 2287 Quid
806 2206 936 2273 adversi
959 2207 1099 2291 Ocrippo
1122 2207 1291 2290 acciderit,
1327 2229 1344 2275 e
1367 2209 1479 2294 paucis
1502 2228 1677 2293 parumque
1700 2207 1852 2275 dilucidis

216 2330 363 2412 indiciis,
390 2329 507 2412 quibus
530 2329 571 2395 de
594 2327 767 2394 infortunio
790 2348 848 2394 suo
871 2327 1028 2410 loquitur,
1061 2347 1118 2412 pro
1141 2333 1227 2393 certo
1250 2328 1400 2411 cognosci
1422 2328 1478 2392 vix
1501 2335 1616 2414 potest.
1663 2328 1753 2393 Nihil
1776 2349 1853 2394 oon-

216 2459 280 2517 stat
301 2451 363 2516 nisi
386 2469 464 2515 casu
486 2448 625 2532 quodam
648 2446 770 2513 infelici
804 2447 982 2532 l‘fortunac
1003 2447 1077 2530 ira')
1113 2447 1243 2532 Ocrippi
1265 2447 1492 2532 patrimonium
1514 2447 1649 2533 periisse
1681 2448 1852 2531 l‘nudstus

216 2571 354 2656 propriis
362 2572 379 2655 ’)
407 2590 543 2655 eumque
565 2570 607 2633 ab
629 2568 821 2653 imperatore
837 2566 1044 2652 expetivisse,
1070 2574 1106 2632 ut
1119 2565 1275 2632 beneficio
1303 2567 1404 2648 l‘sinc
1420 2569 1594 2653 composito
1609 2567 1850 2652 medicamine',

219 2693 370 2756 ‘munere
378 2693 394 2774 ’)
415 2697 638 2775 paupertatem
654 2709 747 2754 suam
761 2687 955 2753 sublevaret.
997 2685 1125 2771 Siquid
1147 2687 1233 2751 ultra
1254 2685 1374 2752 andere
1395 2686 1503 2770 liceat,
1530 2687 1679 2771 equidem
1702 2686 1745 2753 ad
1767 2688 1854 2753 locos

217 2811 299 2877 duos
320 2811 529 2895 respexerim,
556 2811 673 2893 quibus
688 2807 818 2873 Africae
840 2804 1025 2892 prouinciae
1047 2806 1195 2872 miserias
1210 2806 1369 2891 Corippus
1391 2805 1438 2871 ita
1460 2806 1665 2890 lamentatur,
1690 2813 1725 2873 nt
1747 2806 1853 2893 ipsum

216 2932 286 2997 eius
310 2930 547 2997 calamitatibus
569 2947 759 3017 oppressum
781 2945 854 2994 esse
876 2926 1110 3012 suspiceris¹⁸).
1158 2925 1308 2991 Forsitan
1333 2925 1518 3009 heredium,
1551 2927 1637 3010 quod
1659 2926 1798 3012 Oorippo
1820 2927 1855 2993 in

215 3051 321 3136 patria
343 3050 465 3133 fuerat,
490 3052 578 3117 bello
599 3049 742 3116 Maurico
762 3046 905 3113 infausto
928 3047 988 3112 sub
1011 3045 1107 3112 linem
1129 3047 1222 3130 regni
1244 3046 1415 3112 Iustiniani
1437 3046 1582 3113 funditus
1605 3047 1747 3114 deletum
1769 3055 1849 3114 erat.

211 3172 281 3236 Iam
303 3170 346 3237 ad
368 3171 572 3256 imperatoris
595 3167 847 3236 misericordiam
870 3165 1079 3250 confugiens,
1113 3185 1176 3247 quo
1203 3167 1320 3232 certius
1343 3167 1409 3232 voti
1431 3187 1561 3252 compos
1584 3166 1657 3250 liat,
1691 3174 1788 3253 poeta
1809 3169 1851 3234 ab

302 3517 344 3580 12)
366 3520 392 3566 in
410 3518 476 3570 laud.
498 3519 560 3566 lust.
583 3517 620 3564 lv
641 3511 776 3564 iel-185
795 3525 904 3574 namque
921 3511 978 3560 illos
995 3511 1067 3559 donis
1085 3512 1232 3574 conscriptis
1251 3512 1366 3574 patribus
1384 3525 1478 3574 aequos

793 3611 849 3647 esse
866 3597 953 3660 dedit,
973 3611 1030 3646 cum
1049 3597 1128 3646 distet
1145 3597 1232 3646 bonor.
1270 3598 1402 3658 vigilantia
1419 3600 1500 3647 noctis

795 3685 839 3733 boc
858 3683 953 3731 meruit
970 3685 1085 3745 carisque
1104 3683 1190 3731 favens
1209 3685 1334 3744 sapientia
1352 3683 1442 3732 Musis.

794 3769 888 3820 doctior
905 3776 932 3818 ct
949 3769 1067 3831 princeps
1085 3769 1170 3827 uouit,
1192 3769 1257 3830 qnod
1277 3769 1463 3818 litterararum

796 3869 853 3918 pars
871 3869 960 3916 magua
978 3861 1030 3916 ost,
1052 3868 1207 3917 magrrusque
1225 3855 1295 3904 labor
1312 3856 1479 3906 sedbautibus
1497 3857 1585 3906 instat.

305 3962 345 4024 13)
365 3963 393 4012 in
411 3962 479 4012 laud.
500 3963 563 4010 luat.
584 3961 620 4008 1v
641 3957 784 4008 tte—ito.

304 4064 344 4128 14)
365 4067 454 4114 Anast.
475 4064 518 4114 47.
539 4061 581 4112 te.

305 4169 343 4230 15)
366 4168 422 4218 Not.
443 4169 520 4228 Dlgu.
540 4167 652 4217 Orientis
670 4167 728 4215 XII.
752 4163 927 4236 '‘(Quaestor)
947 4164 1057 4213 ofiiolurn
1076 4177 1125 4211 non
1144 4163 1228 4222 babet,
1248 4163 1291 4211 sed
1310 4162 1439 4211 adiutores
1456 4162 1489 4211 de
1507 4164 1605 4212 scriniis
1624 4177 1687 4225 qnos
1705 4163 1836 4214 uoluerit&

305 4269 346 4331 16)
366 4269 435 4319 laud
455 4272 518 4319 lust.
538 4270 619 4333 praef.
640 4267 672 4318 37
693 4268 763 4317 senio
781 4268 894 4316 dextram
912 4267 953 4327 pie
972 4267 1071 4328 porrige
1090 4267 1164 4314 fesso.

365 4355 433 4406 laud.
454 4357 544 4405 Anasi.
564 4353 598 4404 ts
694 4355 777 4402 fessae
795 4353 913 4401 miserere
932 4358 1057 4400 senectae.

201 4487 202 4492 =
309 4456 347 4518 17)
368 4457 436 4508 laud.
458 4457 521 4507 lust
541 4454 674 4521 praetii
695 4457 768 4504 vince
786 4469 855 4505 meae
874 4467 974 4503 saevam
991 4455 1123 4515 fortunae,
1142 4453 1273 4514 deprecor,
1295 4452 1367 4501 iram

690 4542 790 4590 vincere
808 4542 934 4590 fortunam
952 4541 1011 4602 plus
1028 4544 1068 4588 cst
1085 4552 1161 4601 quam
1179 4539 1280 4587 vincere
1297 4537 1371 4586 bella.

692 4627 801 4676 nudatus
819 4627 927 4689 propriis
946 4629 972 4674 et
989 4625 1097 4690 plurima
1114 4624 1219 4672 vulnera
1235 4636 1324 4686 passus

691 4712 724 4761 ad
741 4713 867 4761 medicum
885 4712 958 4772 veni,
979 4711 1095 4773 precibus
1112 4711 1155 4773 pia
1172 4715 1274 4773 pectora
1289 4709 1409 4771 pulsans,

638 4797 672 4848 ts
691 4798 722 4847 ad
740 4796 880 4860 medicum,
900 4799 976 4846 verbo
993 4801 1090 4860 pestem
1108 4796 1152 4858 qni
1170 4796 1301 4843 submovet
1318 4807 1369 4843 uno

692 4889 719 4933 et
736 4885 792 4932 alne
811 4883 947 4946 composito
964 4881 1130 4932 medicamine
1148 4881 1252 4929 vulnera
1270 4885 1349 4930 curat.

691 4969 751 5018 bulo
769 4982 815 5030 ego
832 4969 948 5030 muantl,
969 4970 991 5016 sl
1010 4981 1059 5031 qus
1078 4971 1118 5016 cst
1135 4967 1226 5016 fiducia
1245 4968 1339 5026 sorvis,

692 5060 773 5116 grates
791 5068 891 5118 semper
908 5068 953 5116 ago
971 5059 997 5104 ct
1014 5067 1059 5117 pro
1076 5066 1181 5104 munere
1199 5054 1311 5102 carmina
1328 5057 1408 5115 porto.

311 5159 349 5222 18)
371 5161 439 5210 laud.
460 5162 549 5208 Anasi.
570 5158 604 5209 36
1087 5157 1237 5218 generaliter
1255 5157 1308 5206 orbi

695 5255 847 5307 qumquam
863 5245 1008 5307 provideas,
1028 5245 1114 5293 misai
1132 5243 1274 5304 specialiter
1291 5242 1349 5291 Afri

696 5332 723 5379 lu
742 5337 768 5379 te
786 5331 869 5378 oculos
889 5335 966 5392 atque
984 5343 1025 5379 ora
1043 5330 1139 5388 feruet.
1177 5329 1229 5390 agit
1247 5329 1332 5378 Africa
1349 5332 1447 5388 matos,

696 5421 723 5466 at
740 5421 849 5465 seruam
867 5417 918 5464 iam
935 5417 1015 5465 uutlt
1032 5429 1118 5478 opem,
1138 5415 1296 5476 gaudetque,
1316 5413 1383 5475 quod
1401 5414 1485 5476 ampla

697 5515 795 5565 semper
811 5503 940 5550 Anastasll
958 5503 1074 5550 referunt
1091 5500 1181 5550 solacia
1200 5501 1277 5550 cirea.

695 5602 735 5636 me
753 5602 853 5651 quoque
871 5589 1036 5650 gaudentem,
1057 5591 1218 5650 quaestomm
1236 5587 1359 5647 maxilua,
1380 5584 1465 5636 redde.

371 5686 439 5735 laud.
460 5685 524 5734 luat.
545 5684 556 5732 1
577 5683 676 5734 18-21
