<?xml version="1.0" encoding="UTF-8"?>
<!DOCTYPE html PUBLIC "-//W3C//DTD XHTML 1.0 Transitional//EN"
    "http://www.w3.org/TR/xhtml1/DTD/xhtml1-transitional.dtd">
<html xmlns="http://www.w3.org/1999/xhtml" xml:lang="en" lang="en">
 <head>
  <title>
</title>
<meta http-equiv="Content-Type" content="text/html;charset=utf-8" />
  <meta name='ocr-system' content='tesseract 3.04.00' />
  <meta name='ocr-capabilities' content='ocr_page ocr_carea ocr_par ocr_line ocrx_word'/>
</head>
<body>
  <div class='ocr_page' id='page_1' title='image "./monumentagerman08mittgoog_0067.png"; bbox 0 0 4576 6428; ppageno 0'>
   <div class='ocr_carea' id='block_1_1' title="bbox 441 406 1342 467">
    <p class='ocr_par' dir='ltr' id='par_1_1' title="bbox 441 406 1342 467">
     <span class='ocr_line' id='line_1_1' title="bbox 441 406 1342 467; baseline -0.006 0"><span class='ocrx_word' id='word_1_1' title='bbox 441 407 482 467; x_wconf 79' lang='lat'><strong>50</strong></span> <span class='ocrx_word' id='word_1_2' title='bbox 1163 406 1342 464; x_wconf 81' lang='lat' dir='ltr'>HISTORIA</span> 
     </span>
    </p>
   </div>
   <div class='ocr_carea' id='block_1_2' title="bbox 332 591 2134 4088">
    <p class='ocr_par' dir='ltr' id='par_1_2' title="bbox 433 591 2062 681">
     <span class='ocr_line' id='line_1_2' title="bbox 433 591 2062 681; baseline -0.001 -23"><span class='ocrx_word' id='word_1_3' title='bbox 433 592 569 659; x_wconf 91' lang='lat' dir='ltr'><strong>tendens</strong></span> <span class='ocrx_word' id='word_1_4' title='bbox 590 615 675 678; x_wconf 87' lang='lat' dir='ltr'><strong>aqna</strong></span> <span class='ocrx_word' id='word_1_5' title='bbox 696 595 849 662; x_wconf 86' lang='lat' dir='ltr'><strong>mundavi</strong></span> <span class='ocrx_word' id='word_1_6' title='bbox 872 603 905 660; x_wconf 93' lang='lat' dir='ltr'><strong>et</strong></span> <span class='ocrx_word' id='word_1_7' title='bbox 926 615 1067 681; x_wconf 83' lang='lat' dir='ltr'>purpura</span> <span class='ocrx_word' id='word_1_8' title='bbox 1089 595 1152 661; x_wconf 91' lang='lat' dir='ltr'><strong>mei</strong></span> <span class='ocrx_word' id='word_1_9' title='bbox 1175 594 1342 679; x_wconf 85' lang='lat' dir='ltr'><strong>sanguinis</strong></span> <span class='ocrx_word' id='word_1_10' title='bbox 1357 595 1518 662; x_wconf 86' lang='lat' dir='ltr'><strong>decoravi.</strong></span> <span class='ocrx_word' id='word_1_11' title='bbox 1553 595 1625 660; x_wconf 89' lang='lat' dir='ltr'><strong>Non</strong></span> <span class='ocrx_word' id='word_1_12' title='bbox 1640 593 1800 678; x_wconf 86' lang='lat' dir='ltr'><strong>conspicio</strong></span> <span class='ocrx_word' id='word_1_13' title='bbox 1815 593 1936 659; x_wconf 87' lang='lat' dir='ltr'><strong>cultum</strong></span> <span class='ocrx_word' id='word_1_14' title='bbox 1951 591 2062 674; x_wconf 87' lang='lat' dir='ltr'><strong>signa-</strong></span> 
     </span>
    </p>

    <p class='ocr_par' dir='ltr' id='par_1_3' title="bbox 368 691 2134 1403">
     <span class='ocr_line' id='line_1_3' title="bbox 368 691 2060 782; baseline -0.001 -22"><span class='ocrx_word' id='word_1_15' title='bbox 368 691 407 750; x_wconf 83' lang='grc'><strong>37</strong></span> <span class='ocrx_word' id='word_1_16' title='bbox 435 695 499 760; x_wconf 90' lang='lat' dir='ltr'><strong>culi</strong></span> <span class='ocrx_word' id='word_1_17' title='bbox 512 697 585 777; x_wconf 88' lang='lat' dir='ltr'><strong>mei,</strong></span> <span class='ocrx_word' id='word_1_18' title='bbox 612 705 805 764; x_wconf 76' lang='lat' dir='ltr'><strong>caracterem</strong></span> <span class='ocrx_word' id='word_1_19' title='bbox 821 719 884 764; x_wconf 91' lang='lat' dir='ltr'><strong>uon</strong></span> <span class='ocrx_word' id='word_1_20' title='bbox 900 698 994 765; x_wconf 92' lang='lat' dir='ltr'><strong>video</strong></span> <span class='ocrx_word' id='word_1_21' title='bbox 1009 699 1170 766; x_wconf 83' lang='lat' dir='ltr'><strong>trinitatis.</strong></span> <span class='ocrx_word' id='word_1_22' title='bbox 1211 698 1302 764; x_wconf 85' lang='lat' dir='ltr'><strong>Talis</strong></span> <span class='ocrx_word' id='word_1_23' title='bbox 1316 698 1471 766; x_wconf 85' lang='lat' dir='ltr'><strong>iuteresse</strong></span> <span class='ocrx_word' id='word_1_24' title='bbox 1486 718 1549 764; x_wconf 88' lang='lat' dir='ltr'><strong>non</strong></span> <span class='ocrx_word' id='word_1_25' title='bbox 1564 697 1679 782; x_wconf 82' lang='lat' dir='ltr'><strong>poterit</strong></span> <span class='ocrx_word' id='word_1_26' title='bbox 1694 697 1798 782; x_wconf 90' lang='lat' dir='ltr'><strong>epulis</strong></span> <span class='ocrx_word' id='word_1_27' title='bbox 1813 696 1904 761; x_wconf 89' lang='lat' dir='ltr'><strong>meis.</strong></span> <span class='ocrx_word' id='word_1_28' title='bbox 1947 693 2060 776; x_wconf 86' lang='lat' dir='ltr'><strong>Ligate</strong></span> 
     </span>
     <span class='ocr_line' id='line_1_4' title="bbox 433 797 2060 886; baseline -0.001 -24"><span class='ocrx_word' id='word_1_29' title='bbox 433 819 506 864; x_wconf 88' lang='lat' dir='ltr'><strong>euru</strong></span> <span class='ocrx_word' id='word_1_30' title='bbox 529 799 665 884; x_wconf 90' lang='lat' dir='ltr'><strong>pedibus</strong></span> <span class='ocrx_word' id='word_1_31' title='bbox 690 808 722 866; x_wconf 93' lang='lat' dir='ltr'><strong>et</strong></span> <span class='ocrx_word' id='word_1_32' title='bbox 744 800 892 866; x_wconf 90' lang='lat' dir='ltr'><strong>manibus</strong></span> <span class='ocrx_word' id='word_1_33' title='bbox 915 801 1066 868; x_wconf 87' lang='lat' dir='ltr'><strong>funiculis</strong></span> <span class='ocrx_word' id='word_1_34' title='bbox 1088 801 1167 884; x_wconf 93' lang='lat' dir='ltr'><strong>suis,</strong></span> <span class='ocrx_word' id='word_1_35' title='bbox 1192 801 1269 883; x_wconf 87' lang='lat' dir='ltr'><strong>quia</strong></span> <span class='ocrx_word' id='word_1_36' title='bbox 1291 821 1326 866; x_wconf 91' lang='lat' dir='ltr'><strong>se</strong></span> <span class='ocrx_word' id='word_1_37' title='bbox 1349 800 1420 886; x_wconf 90' lang='lat' dir='ltr'><strong>ipse</strong></span> <span class='ocrx_word' id='word_1_38' title='bbox 1436 800 1614 867; x_wconf 83' lang='lat' dir='ltr'><strong>voluntarie</strong></span> <span class='ocrx_word' id='word_1_39' title='bbox 1629 819 1780 885; x_wconf 88' lang='lat' dir='ltr'><strong>separare</strong></span> <span class='ocrx_word' id='word_1_40' title='bbox 1798 797 1934 864; x_wconf 86' lang='lat' dir='ltr'><strong>voluita</strong></span> <span class='ocrx_word' id='word_1_41' title='bbox 1948 797 2060 862; x_wconf 89' lang='lat' dir='ltr'><strong>catho-</strong></span> 
     </span>
     <span class='ocr_line' id='line_1_5' title="bbox 433 901 2060 990; baseline -0.001 -25"><span class='ocrx_word' id='word_1_42' title='bbox 433 901 503 966; x_wconf 90' lang='lat' dir='ltr'><strong>licis</strong></span> <span class='ocrx_word' id='word_1_43' title='bbox 518 903 639 969; x_wconf 88' lang='lat' dir='ltr'><strong>dudum</strong></span> <span class='ocrx_word' id='word_1_44' title='bbox 655 903 806 970; x_wconf 84' lang='lat' dir='ltr'><strong>fratribus</strong></span> <span class='ocrx_word' id='word_1_45' title='bbox 821 905 899 970; x_wconf 90' lang='lat' dir='ltr'><strong>suis.</strong></span> <span class='ocrx_word' id='word_1_46' title='bbox 940 906 1016 990; x_wconf 90' lang='lat' dir='ltr'><strong>lpse</strong></span> <span class='ocrx_word' id='word_1_47' title='bbox 1031 904 1126 972; x_wconf 88' lang='lat' dir='ltr'><strong>funes</strong></span> <span class='ocrx_word' id='word_1_48' title='bbox 1148 904 1294 972; x_wconf 83' lang='lat' dir='ltr'><strong>extendit</strong></span> <span class='ocrx_word' id='word_1_49' title='bbox 1314 905 1515 972; x_wconf 88' lang='lat' dir='ltr'><strong>continuatos</strong></span> <span class='ocrx_word' id='word_1_50' title='bbox 1537 905 1570 970; x_wconf 90' lang='lat' dir='ltr'><strong>in</strong></span> <span class='ocrx_word' id='word_1_51' title='bbox 1593 905 1753 988; x_wconf 83' lang='lat' dir='ltr'><strong>laqueum,</strong></span> <span class='ocrx_word' id='word_1_52' title='bbox 1780 902 1896 986; x_wconf 89' lang='lat' dir='ltr'><strong>quibus</strong></span> <span class='ocrx_word' id='word_1_53' title='bbox 1911 909 1944 966; x_wconf 91' lang='lat' dir='ltr'><strong>et</strong></span> <span class='ocrx_word' id='word_1_54' title='bbox 1958 907 2060 965; x_wconf 90' lang='lat' dir='ltr'><strong>semet</strong></span> 
     </span>
     <span class='ocr_line' id='line_1_6' title="bbox 432 1004 2134 1094; baseline -0.002 -26"><span class='ocrx_word' id='word_1_55' title='bbox 432 1005 538 1089; x_wconf 89' lang='lat' dir='ltr'><strong>ipsum</strong></span> <span class='ocrx_word' id='word_1_56' title='bbox 554 1007 656 1074; x_wconf 83' lang='lat' dir='ltr'><strong>vinxit</strong></span> <span class='ocrx_word' id='word_1_57' title='bbox 677 1014 710 1073; x_wconf 90' lang='lat' dir='ltr'><strong>et</strong></span> <span class='ocrx_word' id='word_1_58' title='bbox 731 1008 822 1090; x_wconf 88' lang='lat' dir='ltr'><strong>alios,</strong></span> <span class='ocrx_word' id='word_1_59' title='bbox 849 1029 889 1074; x_wconf 90' lang='lat' dir='ltr'><strong>ne</strong></span> <span class='ocrx_word' id='word_1_60' title='bbox 904 1008 947 1074; x_wconf 88' lang='lat' dir='ltr'><strong>ad</strong></span> <span class='ocrx_word' id='word_1_61' title='bbox 961 1008 1048 1074; x_wconf 87' lang='lat' dir='ltr'><strong>istud</strong></span> <span class='ocrx_word' id='word_1_62' title='bbox 1063 1008 1209 1075; x_wconf 91' lang='lat' dir='ltr'><strong>venirent</strong></span> <span class='ocrx_word' id='word_1_63' title='bbox 1224 1009 1417 1090; x_wconf 89' lang='lat' dir='ltr'><strong>convivium,</strong></span> <span class='ocrx_word' id='word_1_64' title='bbox 1442 1007 1619 1094; x_wconf 82' lang='lat' dir='ltr'><strong>impedivit.</strong></span> <span class='ocrx_word' id='word_1_65' title='bbox 1666 1009 1761 1073; x_wconf 84' lang='lat' dir='ltr'><strong>quta</strong></span> <span class='ocrx_word' id='word_1_66' title='bbox 1782 1005 1928 1072; x_wconf 80' lang='lat' dir='ltr'><strong>semitam</strong></span> <span class='ocrx_word' id='word_1_67' title='bbox 1951 1004 2092 1069; x_wconf 77' lang='lat' dir='ltr'><strong>multisn</strong></span> <span class='ocrx_word' id='word_1_68' title='bbox 2128 1077 2134 1089; x_wconf 29' lang='lat'><em>¹</em></span> 
     </span>
     <span class='ocr_line' id='line_1_7' title="bbox 433 1106 2059 1198; baseline 0.001 -28"><span class='ocrx_word' id='word_1_69' title='bbox 433 1108 621 1176; x_wconf 87' lang='lat' dir='ltr'><strong>scandalum</strong></span> <span class='ocrx_word' id='word_1_70' title='bbox 644 1110 759 1194; x_wconf 83' lang='lat' dir='ltr'><strong>posuit,</strong></span> <span class='ocrx_word' id='word_1_71' title='bbox 784 1131 879 1195; x_wconf 87' lang='lat' dir='ltr'><strong>quem</strong></span> <span class='ocrx_word' id='word_1_72' title='bbox 902 1131 986 1177; x_wconf 91' lang='lat' dir='ltr'><strong>nunc</strong></span> <span class='ocrx_word' id='word_1_73' title='bbox 1008 1131 1079 1178; x_wconf 87' lang='lat' dir='ltr'><strong>eum</strong></span> <span class='ocrx_word' id='word_1_74' title='bbox 1103 1112 1217 1178; x_wconf 85' lang='lat' dir='ltr'>rubore</span> <span class='ocrx_word' id='word_1_75' title='bbox 1240 1119 1394 1198; x_wconf 90' lang='lat' dir='ltr'><strong>perpetuo</strong></span> <span class='ocrx_word' id='word_1_76' title='bbox 1418 1118 1450 1177; x_wconf 90' lang='lat' dir='ltr'><strong>et</strong></span> <span class='ocrx_word' id='word_1_77' title='bbox 1469 1111 1626 1178; x_wconf 86' lang='lat' dir='ltr'><strong>dedecore</strong></span> <span class='ocrx_word' id='word_1_78' title='bbox 1649 1110 1841 1195; x_wconf 84' lang='lat' dir='ltr'><strong>sempiterno</strong></span> <span class='ocrx_word' id='word_1_79' title='bbox 1857 1108 1898 1173; x_wconf 91' lang='lat' dir='ltr'><strong>de</strong></span> <span class='ocrx_word' id='word_1_80' title='bbox 1914 1106 2059 1173; x_wconf 83' lang='lat' dir='ltr'><strong>convivio</strong></span> 
     </span>
     <span class='ocr_line' id='line_1_8' title="bbox 433 1212 2058 1299; baseline -0.001 -23"><span class='ocrx_word' id='word_1_81' title='bbox 433 1231 503 1276; x_wconf 89' lang='lat' dir='ltr'><strong>meo</strong></span> <span class='ocrx_word' id='word_1_82' title='bbox 525 1213 670 1297; x_wconf 84' lang='lat' dir='ltr'><strong>proieci’.</strong></span> <span class='ocrx_word' id='word_1_83' title='bbox 718 1214 806 1280; x_wconf 85' lang='lat' dir='ltr'><strong>Haec</strong></span> <span class='ocrx_word' id='word_1_84' title='bbox 836 1221 868 1282; x_wconf 90' lang='lat' dir='ltr'><strong>et</strong></span> <span class='ocrx_word' id='word_1_85' title='bbox 897 1215 963 1280; x_wconf 88' lang='lat' dir='ltr'><strong>alia</strong></span> <span class='ocrx_word' id='word_1_86' title='bbox 984 1215 1115 1282; x_wconf 90' lang='lat' dir='ltr'><strong>Muritta</strong></span> <span class='ocrx_word' id='word_1_87' title='bbox 1144 1215 1288 1298; x_wconf 86' lang='lat' dir='ltr'><strong>dicente,</strong></span> <span class='ocrx_word' id='word_1_88' title='bbox 1320 1215 1397 1299; x_wconf 91' lang='lat' dir='ltr'><strong>igue</strong></span> <span class='ocrx_word' id='word_1_89' title='bbox 1419 1214 1635 1282; x_wconf 87' lang='lat' dir='ltr'><strong>eonscientiae</strong></span> <span class='ocrx_word' id='word_1_90' title='bbox 1658 1219 1732 1279; x_wconf 90' lang='lat' dir='ltr'><strong>ante</strong></span> <span class='ocrx_word' id='word_1_91' title='bbox 1757 1212 1865 1295; x_wconf 93' lang='lat' dir='ltr'><strong>ignem</strong></span> <span class='ocrx_word' id='word_1_92' title='bbox 1894 1217 2058 1276; x_wconf 84' lang='lat' dir='ltr'><strong>aeternum</strong></span> 
     </span>
     <span class='ocr_line' id='line_1_9' title="bbox 432 1315 1095 1403; baseline 0.005 -24"><span class='ocrx_word' id='word_1_93' title='bbox 432 1315 656 1382; x_wconf 74' lang='lat' dir='ltr'><strong>obmutescens</strong></span> <span class='ocrx_word' id='word_1_94' title='bbox 678 1317 884 1403; x_wconf 78' lang='lat' dir='ltr'><strong>Elpidosorus</strong></span> <span class='ocrx_word' id='word_1_95' title='bbox 906 1318 1095 1385; x_wconf 87' lang='lat' dir='ltr'><strong>torrebatur.</strong></span> 
     </span>
    </p>

    <p class='ocr_par' dir='ltr' id='par_1_4' title="bbox 368 1417 2109 2128">
     <span class='ocr_line' id='line_1_10' title="bbox 368 1417 2055 1505; baseline 0.002 -29"><span class='ocrx_word' id='word_1_96' title='bbox 368 1417 407 1477; x_wconf 81' lang='lat'><strong>38</strong></span> <span class='ocrx_word' id='word_1_97' title='bbox 520 1419 560 1484; x_wconf 90' lang='lat' dir='ltr'><strong>X.</strong></span> <span class='ocrx_word' id='word_1_98' title='bbox 598 1421 753 1488; x_wconf 84' lang='lat' dir='ltr'><strong>Parentes</strong></span> <span class='ocrx_word' id='word_1_99' title='bbox 784 1421 892 1505; x_wconf 82' lang='lat' dir='ltr'><strong>itaque</strong></span> <span class='ocrx_word' id='word_1_100' title='bbox 922 1421 1063 1486; x_wconf 86' lang='lat' dir='ltr'><strong>universi</strong></span> <span class='ocrx_word' id='word_1_101' title='bbox 1092 1420 1187 1488; x_wconf 90' lang='lat' dir='ltr'><strong>dorsa</strong></span> <span class='ocrx_word' id='word_1_102' title='bbox 1216 1441 1275 1487; x_wconf 91' lang='lat' dir='ltr'><strong>sua</strong></span> <span class='ocrx_word' id='word_1_103' title='bbox 1303 1422 1491 1488; x_wconf 89' lang='lat' dir='ltr'><strong>verberibus</strong></span> <span class='ocrx_word' id='word_1_104' title='bbox 1519 1422 1645 1488; x_wconf 76' lang='lat' dir='ltr'><strong>alacres</strong></span> <span class='ocrx_word' id='word_1_105' title='bbox 1675 1419 1718 1486; x_wconf 85' lang='lat' dir='ltr'><strong>ad</strong></span> <span class='ocrx_word' id='word_1_106' title='bbox 1748 1418 1881 1486; x_wconf 83' lang='lat' dir='ltr'><strong>exilium</strong></span> <span class='ocrx_word' id='word_1_107' title='bbox 1907 1423 2055 1504; x_wconf 90' lang='lat' dir='ltr'><strong>pergunt.</strong></span> 
     </span>
     <span class='ocr_line' id='line_1_11' title="bbox 434 1520 2109 1610; baseline -0.002 -24"><span class='ocrx_word' id='word_1_108' title='bbox 434 1520 557 1598; x_wconf 84' lang='lat' dir='ltr'><strong>Quibus</strong></span> <span class='ocrx_word' id='word_1_109' title='bbox 579 1523 686 1590; x_wconf 91' lang='lat' dir='ltr'><strong>adhue</strong></span> <span class='ocrx_word' id='word_1_110' title='bbox 714 1523 748 1588; x_wconf 86' lang='lat' dir='ltr'><strong>iu</strong></span> <span class='ocrx_word' id='word_1_111' title='bbox 777 1524 892 1590; x_wconf 89' lang='lat' dir='ltr'><strong>itinere</strong></span> <span class='ocrx_word' id='word_1_112' title='bbox 920 1524 1074 1609; x_wconf 82' lang='lat' dir='ltr'><strong>longioris</strong></span> <span class='ocrx_word' id='word_1_113' title='bbox 1103 1525 1175 1590; x_wconf 90' lang='lat' dir='ltr'><strong>viae</strong></span> <span class='ocrx_word' id='word_1_114' title='bbox 1205 1525 1385 1594; x_wconf 89' lang='lat' dir='ltr'><strong>constitutis</strong></span> <span class='ocrx_word' id='word_1_115' title='bbox 1418 1525 1637 1606; x_wconf 86' lang='lat' dir='ltr'><strong>destinantur,</strong></span> <span class='ocrx_word' id='word_1_116' title='bbox 1674 1521 1833 1610; x_wconf 89' lang='lat' dir='ltr'><strong>episeopis</strong></span> <span class='ocrx_word' id='word_1_117' title='bbox 1854 1522 2058 1586; x_wconf 85' lang='lat' dir='ltr'><strong>Arrianorum</strong></span> <span class='ocrx_word' id='word_1_118' title='bbox 2080 1543 2109 1583; x_wconf 87' lang='grc' dir='ltr'><strong>ιο</strong></span> 
     </span>
     <span class='ocr_line' id='line_1_12' title="bbox 433 1624 2059 1713; baseline 0 -26"><span class='ocrx_word' id='word_1_119' title='bbox 433 1625 699 1710; x_wconf 82' lang='lat' dir='ltr'><strong>suggerentibus,</strong></span> <span class='ocrx_word' id='word_1_120' title='bbox 732 1627 878 1694; x_wconf 90' lang='lat' dir='ltr'><strong>homines</strong></span> <span class='ocrx_word' id='word_1_121' title='bbox 904 1627 1160 1694; x_wconf 83' lang='lat' dir='ltr'><strong>inmisericordes</strong></span> <span class='ocrx_word' id='word_1_122' title='bbox 1182 1648 1222 1695; x_wconf 86' lang='lat' dir='ltr'><strong>ac</strong></span> <span class='ocrx_word' id='word_1_123' title='bbox 1243 1629 1411 1712; x_wconf 88' lang='lat' dir='ltr'><strong>violentes,</strong></span> <span class='ocrx_word' id='word_1_124' title='bbox 1438 1628 1587 1708; x_wconf 87' lang='lat' dir='ltr'><strong>utillud,</strong></span> <span class='ocrx_word' id='word_1_125' title='bbox 1614 1627 1700 1713; x_wconf 88' lang='lat' dir='ltr'><strong>quod</strong></span> <span class='ocrx_word' id='word_1_126' title='bbox 1722 1626 1769 1692; x_wconf 90' lang='lat' dir='ltr'><strong>eis</strong></span> <span class='ocrx_word' id='word_1_127' title='bbox 1792 1625 1872 1692; x_wconf 86' lang='lat' dir='ltr'><strong>forte</strong></span> <span class='ocrx_word' id='word_1_128' title='bbox 1894 1624 2059 1690; x_wconf 89' lang='lat' dir='ltr'><strong>miseratio</strong></span> 
     </span>
     <span class='ocr_line' id='line_1_13' title="bbox 434 1727 2057 1816; baseline -0.001 -24"><span class='ocrx_word' id='word_1_129' title='bbox 434 1728 616 1796; x_wconf 84' lang='lat' dir='ltr'><strong>Christiana</strong></span> <span class='ocrx_word' id='word_1_130' title='bbox 645 1729 744 1796; x_wconf 92' lang='lat' dir='ltr'><strong>victui</strong></span> <span class='ocrx_word' id='word_1_131' title='bbox 774 1732 951 1797; x_wconf 87' lang='lat' dir='ltr'><strong>contulerat</strong></span> <span class='ocrx_word' id='word_1_132' title='bbox 983 1731 1199 1816; x_wconf 82' lang='lat' dir='ltr'><strong>profuturum,</strong></span> <span class='ocrx_word' id='word_1_133' title='bbox 1238 1732 1410 1814; x_wconf 89' lang='lat' dir='ltr'><strong>crudeliter</strong></span> <span class='ocrx_word' id='word_1_134' title='bbox 1445 1732 1641 1798; x_wconf 85' lang='lat' dir='ltr'><strong>auferretur:</strong></span> <span class='ocrx_word' id='word_1_135' title='bbox 1679 1728 1807 1812; x_wconf 89' lang='lat' dir='ltr'><strong>qnando</strong></span> <span class='ocrx_word' id='word_1_136' title='bbox 1840 1727 2057 1811; x_wconf 83' lang='lat' dir='ltr'><strong>unusquisque</strong></span> 
     </span>
     <span class='ocr_line' id='line_1_14' title="bbox 433 1831 2073 1916; baseline -0.001 -20"><span class='ocrx_word' id='word_1_137' title='bbox 433 1852 540 1897; x_wconf 88' lang='lat' dir='ltr'><strong>eorum</strong></span> <span class='ocrx_word' id='word_1_138' title='bbox 558 1832 710 1900; x_wconf 91' lang='lat' dir='ltr'><strong>libentius</strong></span> <span class='ocrx_word' id='word_1_139' title='bbox 726 1834 807 1902; x_wconf 85' lang='lat' dir='ltr'><strong>forte</strong></span> <span class='ocrx_word' id='word_1_140' title='bbox 822 1835 989 1902; x_wconf 86' lang='lat' dir='ltr'><strong>cantabat:</strong></span> <span class='ocrx_word' id='word_1_141' title='bbox 1016 1834 1151 1904; x_wconf 88' lang='lat' dir='ltr'><strong>nudus</strong></span> <span class='ocrx_word' id='word_1_142' title='bbox 1174 1835 1285 1900; x_wconf 88' lang='lat' dir='ltr'><strong>exivi</strong></span> <span class='ocrx_word' id='word_1_143' title='bbox 1308 1836 1355 1902; x_wconf 82' lang='lat' dir='ltr'><strong>de</strong></span> <span class='ocrx_word' id='word_1_144' title='bbox 1378 1842 1493 1902; x_wconf 90' lang='lat' dir='ltr'><strong>utero</strong></span> <span class='ocrx_word' id='word_1_145' title='bbox 1511 1835 1799 1916; x_wconf 88' lang='lat' dir='ltr'><strong>matrismeae,</strong></span> <span class='ocrx_word' id='word_1_146' title='bbox 1825 1832 1945 1898; x_wconf 89' lang='lat' dir='ltr'><strong>nudum</strong></span> <span class='ocrx_word' id='word_1_147' title='bbox 1961 1831 2073 1902; x_wconf 77' lang='lat' dir='ltr'><strong>etiam,</strong></span> 
     </span>
     <span class='ocr_line' id='line_1_15' title="bbox 433 1933 2057 2022; baseline -0.001 -24"><span class='ocrx_word' id='word_1_148' title='bbox 433 1955 485 1999; x_wconf 87' lang='lat' dir='ltr'><strong>me</strong></span> <span class='ocrx_word' id='word_1_149' title='bbox 507 1942 632 2020; x_wconf 86' lang='lat' dir='ltr'><strong>oportet</strong></span> <span class='ocrx_word' id='word_1_150' title='bbox 653 1936 696 2003; x_wconf 92' lang='lat' dir='ltr'><strong>ad</strong></span> <span class='ocrx_word' id='word_1_151' title='bbox 719 1937 849 2005; x_wconf 83' lang='lat' dir='ltr'><strong>exilium</strong></span> <span class='ocrx_word' id='word_1_152' title='bbox 872 1957 1017 2022; x_wconf 87' lang='lat' dir='ltr'><strong>pergere,</strong></span> <span class='ocrx_word' id='word_1_153' title='bbox 1044 1938 1119 2022; x_wconf 90' lang='lat' dir='ltr'><strong>quia</strong></span> <span class='ocrx_word' id='word_1_154' title='bbox 1142 1937 1290 2004; x_wconf 90' lang='lat' dir='ltr'><strong>dominus</strong></span> <span class='ocrx_word' id='word_1_155' title='bbox 1312 1938 1400 2004; x_wconf 89' lang='lat' dir='ltr'><strong>novit</strong></span> <span class='ocrx_word' id='word_1_156' title='bbox 1422 1937 1636 2005; x_wconf 83' lang='lat' dir='ltr'><strong>esurientibus</strong></span> <span class='ocrx_word' id='word_1_157' title='bbox 1658 1938 1765 2003; x_wconf 88' lang='lat' dir='ltr'><strong>eibum</strong></span> <span class='ocrx_word' id='word_1_158' title='bbox 1787 1935 1948 2020; x_wconf 89' lang='lat' dir='ltr'><strong>porrigere</strong></span> <span class='ocrx_word' id='word_1_159' title='bbox 1971 1941 2003 2000; x_wconf 90' lang='lat' dir='ltr'><strong>et</strong></span> <span class='ocrx_word' id='word_1_160' title='bbox 2024 1933 2057 1998; x_wconf 91' lang='lat' dir='ltr'><strong>in</strong></span> 
     </span>
     <span class='ocr_line' id='line_1_16' title="bbox 433 2037 2108 2128; baseline -0.002 -25"><span class='ocrx_word' id='word_1_161' title='bbox 433 2037 560 2106; x_wconf 88' lang='lat' dir='ltr'><strong>deserto</strong></span> <span class='ocrx_word' id='word_1_162' title='bbox 590 2041 717 2106; x_wconf 89' lang='lat' dir='ltr'><strong>vestire.</strong></span> <span class='ocrx_word' id='word_1_163' title='bbox 765 2041 848 2106; x_wconf 87' lang='lat' dir='ltr'><strong>Nam</strong></span> <span class='ocrx_word' id='word_1_164' title='bbox 879 2048 911 2108; x_wconf 91' lang='lat' dir='ltr'><strong>et</strong></span> <span class='ocrx_word' id='word_1_165' title='bbox 932 2041 1083 2107; x_wconf 89' lang='lat' dir='ltr'><strong>Wandali</strong></span> <span class='ocrx_word' id='word_1_166' title='bbox 1113 2041 1193 2125; x_wconf 92' lang='lat' dir='ltr'><strong>duo,</strong></span> <span class='ocrx_word' id='word_1_167' title='bbox 1220 2044 1280 2108; x_wconf 93' lang='lat' dir='ltr'><strong>sub</strong></span> <span class='ocrx_word' id='word_1_168' title='bbox 1307 2041 1623 2128; x_wconf 86' lang='lat' dir='ltr'><strong>Geiserioosaepius</strong></span> <span class='ocrx_word' id='word_1_169' title='bbox 1646 2041 1861 2122; x_wconf 87' lang='lat' dir='ltr'><strong>confessores,</strong></span> <span class='ocrx_word' id='word_1_170' title='bbox 1887 2038 2108 2103; x_wconf 73' lang='lat' dir='ltr'><strong>comitantem</strong></span> 
     </span>
    </p>

    <p class='ocr_par' dir='ltr' id='par_1_5' title="bbox 332 2141 2105 4088">
     <span class='ocr_line' id='line_1_17' title="bbox 332 2141 2057 2230; baseline 0.003 -31"><span class='ocrx_word' id='word_1_171' title='bbox 332 2179 333 2182; x_wconf 24' lang='lat'>¹</span> <span class='ocrx_word' id='word_1_172' title='bbox 369 2141 408 2202; x_wconf 85' lang='grc'><strong>39</strong></span> <span class='ocrx_word' id='word_1_173' title='bbox 435 2148 535 2208; x_wconf 91' lang='lat' dir='ltr'><strong>matre</strong></span> <span class='ocrx_word' id='word_1_174' title='bbox 558 2143 745 2228; x_wconf 91' lang='lat' dir='ltr'><strong>contemptis</strong></span> <span class='ocrx_word' id='word_1_175' title='bbox 768 2144 914 2211; x_wconf 90' lang='lat' dir='ltr'><strong>omnibus</strong></span> <span class='ocrx_word' id='word_1_176' title='bbox 937 2143 1058 2211; x_wconf 91' lang='lat' dir='ltr'><strong>divitiis</strong></span> <span class='ocrx_word' id='word_1_177' title='bbox 1082 2145 1149 2210; x_wconf 89' lang='lat' dir='ltr'><strong>suis</strong></span> <span class='ocrx_word' id='word_1_178' title='bbox 1173 2165 1243 2212; x_wconf 92' lang='lat' dir='ltr'><strong>cum</strong></span> <span class='ocrx_word' id='word_1_179' title='bbox 1267 2145 1390 2212; x_wconf 89' lang='lat' dir='ltr'><strong>eisdem</strong></span> <span class='ocrx_word' id='word_1_180' title='bbox 1405 2145 1532 2212; x_wconf 87' lang='lat' dir='ltr'><strong>clericis</strong></span> <span class='ocrx_word' id='word_1_181' title='bbox 1545 2144 1587 2212; x_wconf 88' lang='lat' dir='ltr'><strong>ad</strong></span> <span class='ocrx_word' id='word_1_182' title='bbox 1603 2145 1735 2211; x_wconf 87' lang='lat' dir='ltr'><strong>exilium</strong></span> <span class='ocrx_word' id='word_1_183' title='bbox 1750 2148 1967 2230; x_wconf 86' lang='lat' dir='ltr'><strong>perrexerunt.</strong></span> <span class='ocrx_word' id='word_1_184' title='bbox 2007 2141 2057 2206; x_wconf 92' lang='lat' dir='ltr'><strong>De</strong></span> 
     </span>
     <span class='ocr_line' id='line_1_18' title="bbox 433 2243 2053 2332; baseline 0.001 -25"><span class='ocrx_word' id='word_1_185' title='bbox 433 2243 636 2312; x_wconf 90' lang='lat' dir='ltr'><strong>multitudiue</strong></span> <span class='ocrx_word' id='word_1_186' title='bbox 665 2253 772 2313; x_wconf 89' lang='lat' dir='ltr'><strong>autem</strong></span> <span class='ocrx_word' id='word_1_187' title='bbox 802 2247 1004 2332; x_wconf 87' lang='lat' dir='ltr'><strong>pergentium</strong></span> <span class='ocrx_word' id='word_1_188' title='bbox 1033 2247 1269 2331; x_wconf 82' lang='lat' dir='ltr'><strong>confessorum,</strong></span> <span class='ocrx_word' id='word_1_189' title='bbox 1302 2247 1338 2314; x_wconf 91' lang='lat' dir='ltr'><strong>id</strong></span> <span class='ocrx_word' id='word_1_190' title='bbox 1367 2256 1417 2315; x_wconf 91' lang='lat' dir='ltr'><strong>est</strong></span> <span class='ocrx_word' id='word_1_191' title='bbox 1445 2248 1604 2316; x_wconf 90' lang='lat' dir='ltr'><strong>ecclesiae</strong></span> <span class='ocrx_word' id='word_1_192' title='bbox 1627 2246 1832 2331; x_wconf 84' lang='lat' dir='ltr'><strong>Carthaginis</strong></span> <span class='ocrx_word' id='word_1_193' title='bbox 1857 2245 2053 2324; x_wconf 89' lang='lat' dir='ltr'><strong>clericomm,</strong></span> 
     </span>
     <span class='ocr_line' id='line_1_19' title="bbox 431 2349 2056 2436; baseline 0.001 -26"><span class='ocrx_word' id='word_1_194' title='bbox 431 2356 627 2431; x_wconf 87' lang='lat' dir='ltr'><strong>suggerente</strong></span> <span class='ocrx_word' id='word_1_195' title='bbox 643 2349 781 2431; x_wconf 88' lang='lat' dir='ltr'><strong>quodam</strong></span> <span class='ocrx_word' id='word_1_196' title='bbox 797 2350 958 2416; x_wconf 84' lang='lat' dir='ltr'><strong>exlectore</strong></span> <span class='ocrx_word' id='word_1_197' title='bbox 973 2351 1152 2417; x_wconf 79' lang='lat' dir='ltr'><strong>Teucharic</strong></span> <span class='ocrx_word' id='word_1_198' title='bbox 1168 2351 1303 2436; x_wconf 88' lang='lat' dir='ltr'><strong>perdito,</strong></span> <span class='ocrx_word' id='word_1_199' title='bbox 1330 2371 1411 2434; x_wconf 91' lang='lat' dir='ltr'><strong>quos</strong></span> <span class='ocrx_word' id='word_1_200' title='bbox 1426 2352 1482 2418; x_wconf 90' lang='lat' dir='ltr'><strong>ille</strong></span> <span class='ocrx_word' id='word_1_201' title='bbox 1504 2359 1635 2418; x_wconf 91' lang='lat' dir='ltr'><strong>noverat</strong></span> <span class='ocrx_word' id='word_1_202' title='bbox 1650 2351 1778 2418; x_wconf 89' lang='lat' dir='ltr'><strong>vocales</strong></span> <span class='ocrx_word' id='word_1_203' title='bbox 1800 2356 1946 2415; x_wconf 89' lang='lat' dir='ltr'><strong>strenuos</strong></span> <span class='ocrx_word' id='word_1_204' title='bbox 1961 2355 2056 2431; x_wconf 90' lang='lat' dir='ltr'><strong>atque</strong></span> 
     </span>
     <span class='ocr_line' id='line_1_20' title="bbox 432 2450 2052 2536; baseline 0.001 -24"><span class='ocrx_word' id='word_1_205' title='bbox 432 2456 524 2533; x_wconf 92' lang='lat' dir='ltr'><strong>aptos</strong></span> <span class='ocrx_word' id='word_1_206' title='bbox 553 2451 692 2517; x_wconf 89' lang='lat' dir='ltr'><strong>modulis</strong></span> <span class='ocrx_word' id='word_1_207' title='bbox 715 2452 912 2534; x_wconf 84' lang='lat' dir='ltr'><strong>cantilenae,</strong></span> <span class='ocrx_word' id='word_1_208' title='bbox 945 2453 1166 2536; x_wconf 85' lang='lat' dir='ltr'><strong>designatione</strong></span> <span class='ocrx_word' id='word_1_209' title='bbox 1189 2472 1249 2518; x_wconf 90' lang='lat' dir='ltr'><strong>sua</strong></span> <span class='ocrx_word' id='word_1_210' title='bbox 1271 2454 1388 2521; x_wconf 92' lang='lat' dir='ltr'><strong>debere</strong></span> <span class='ocrx_word' id='word_1_211' title='bbox 1412 2455 1489 2523; x_wconf 90' lang='lat' dir='ltr'><strong>dicit</strong></span> <span class='ocrx_word' id='word_1_212' title='bbox 1510 2454 1679 2522; x_wconf 89' lang='lat' dir='ltr'><strong>duodecim</strong></span> <span class='ocrx_word' id='word_1_213' title='bbox 1700 2452 1877 2519; x_wconf 88' lang='lat' dir='ltr'><strong>infantulos</strong></span> <span class='ocrx_word' id='word_1_214' title='bbox 1900 2450 2052 2536; x_wconf 90' lang='lat' dir='ltr'><strong>separari,</strong></span> 
     </span>
     <span class='ocr_line' id='line_1_21' title="bbox 430 2554 2105 2643; baseline -0.001 -25"><span class='ocrx_word' id='word_1_215' title='bbox 430 2573 510 2636; x_wconf 87' lang='lat' dir='ltr'><strong>quos</strong></span> <span class='ocrx_word' id='word_1_216' title='bbox 536 2556 625 2640; x_wconf 91' lang='lat' dir='ltr'><strong>ipse,</strong></span> <span class='ocrx_word' id='word_1_217' title='bbox 657 2554 732 2621; x_wconf 91' lang='lat' dir='ltr'><strong>dum</strong></span> <span class='ocrx_word' id='word_1_218' title='bbox 763 2555 939 2622; x_wconf 90' lang='lat' dir='ltr'><strong>catholicus</strong></span> <span class='ocrx_word' id='word_1_219' title='bbox 961 2563 1064 2638; x_wconf 89' lang='lat' dir='ltr'><strong>esset,</strong></span> <span class='ocrx_word' id='word_1_220' title='bbox 1097 2563 1173 2622; x_wconf 91' lang='lat' dir='ltr'><strong>tuno</strong></span> <span class='ocrx_word' id='word_1_221' title='bbox 1195 2557 1370 2643; x_wconf 88' lang='lat' dir='ltr'><strong>discipulos</strong></span> <span class='ocrx_word' id='word_1_222' title='bbox 1392 2558 1512 2624; x_wconf 88' lang='lat' dir='ltr'><strong>babuit.</strong></span> <span class='ocrx_word' id='word_1_223' title='bbox 1563 2558 1677 2624; x_wconf 86' lang='lat' dir='ltr'><strong>Statim</strong></span> <span class='ocrx_word' id='word_1_224' title='bbox 1699 2556 1756 2622; x_wconf 94' lang='lat' dir='ltr'><strong>illo</strong></span> <span class='ocrx_word' id='word_1_225' title='bbox 1778 2561 1971 2640; x_wconf 87' lang='lat' dir='ltr'><strong>suggerente</strong></span> <span class='ocrx_word' id='word_1_226' title='bbox 1994 2555 2054 2619; x_wconf 94' lang='lat' dir='ltr'><strong>sub</strong></span> <span class='ocrx_word' id='word_1_227' title='bbox 2075 2575 2105 2618; x_wconf 81' lang='lat' dir='ltr'><strong>uo</strong></span> 
     </span>
     <span class='ocr_line' id='line_1_22' title="bbox 430 2656 2055 2745; baseline 0.001 -25"><span class='ocrx_word' id='word_1_228' title='bbox 430 2656 633 2725; x_wconf 80' lang='lat' dir='ltr'><strong>testinatione</strong></span> <span class='ocrx_word' id='word_1_229' title='bbox 655 2659 722 2724; x_wconf 92' lang='lat' dir='ltr'><strong>viro</strong></span> <span class='ocrx_word' id='word_1_230' title='bbox 746 2659 958 2744; x_wconf 88' lang='lat' dir='ltr'><strong>dimittuntur,</strong></span> <span class='ocrx_word' id='word_1_231' title='bbox 984 2666 1017 2726; x_wconf 91' lang='lat' dir='ltr'><strong>et</strong></span> <span class='ocrx_word' id='word_1_232' title='bbox 1031 2661 1063 2726; x_wconf 92' lang='lat' dir='ltr'><strong>vi</strong></span> <span class='ocrx_word' id='word_1_233' title='bbox 1085 2660 1244 2727; x_wconf 89' lang='lat' dir='ltr'><strong>barbariei</strong></span> <span class='ocrx_word' id='word_1_234' title='bbox 1267 2661 1384 2728; x_wconf 87' lang='lat' dir='ltr'><strong>furoris</strong></span> <span class='ocrx_word' id='word_1_235' title='bbox 1406 2663 1556 2729; x_wconf 88' lang='lat' dir='ltr'><strong>bissenus</strong></span> <span class='ocrx_word' id='word_1_236' title='bbox 1572 2679 1723 2728; x_wconf 91' lang='lat' dir='ltr'><strong>uumerus</strong></span> <span class='ocrx_word' id='word_1_237' title='bbox 1745 2679 1914 2745; x_wconf 90' lang='lat' dir='ltr'><strong>puerorum</strong></span> <span class='ocrx_word' id='word_1_238' title='bbox 1937 2658 1978 2724; x_wconf 90' lang='lat' dir='ltr'><strong>de</strong></span> <span class='ocrx_word' id='word_1_239' title='bbox 1999 2657 2055 2722; x_wconf 89' lang='lat' dir='ltr'><strong>iti-</strong></span> 
     </span>
     <span class='ocr_line' id='line_1_23' title="bbox 429 2761 2055 2850; baseline 0 -26"><span class='ocrx_word' id='word_1_240' title='bbox 429 2779 505 2824; x_wconf 91' lang='lat' dir='ltr'><strong>nere</strong></span> <span class='ocrx_word' id='word_1_241' title='bbox 534 2771 712 2828; x_wconf 89' lang='lat' dir='ltr'><strong>revocatur.</strong></span> <span class='ocrx_word' id='word_1_242' title='bbox 759 2763 978 2848; x_wconf 85' lang='lat' dir='ltr'><strong>Segregantur</strong></span> <span class='ocrx_word' id='word_1_243' title='bbox 1007 2783 1157 2849; x_wconf 89' lang='lat' dir='ltr'><strong>corpore,</strong></span> <span class='ocrx_word' id='word_1_244' title='bbox 1191 2784 1255 2830; x_wconf 91' lang='lat' dir='ltr'><strong>uon</strong></span> <span class='ocrx_word' id='word_1_245' title='bbox 1285 2765 1399 2850; x_wconf 88' lang='lat' dir='ltr'><strong>spiritu</strong></span> <span class='ocrx_word' id='word_1_246' title='bbox 1421 2787 1443 2832; x_wconf 92' lang='lat' dir='ltr'><strong>a</strong></span> <span class='ocrx_word' id='word_1_247' title='bbox 1465 2786 1565 2849; x_wconf 89' lang='lat' dir='ltr'><strong>grege</strong></span> <span class='ocrx_word' id='word_1_248' title='bbox 1593 2772 1792 2844; x_wconf 88' lang='lat' dir='ltr'><strong>sanctornm,</strong></span> <span class='ocrx_word' id='word_1_249' title='bbox 1822 2761 1877 2845; x_wconf 91' lang='lat' dir='ltr'><strong>qui</strong></span> <span class='ocrx_word' id='word_1_250' title='bbox 1906 2761 2055 2828; x_wconf 86' lang='lat' dir='ltr'><strong>timentes</strong></span> 
     </span>
     <span class='ocr_line' id='line_1_24' title="bbox 429 2864 2054 2952; baseline 0.001 -24"><span class='ocrx_word' id='word_1_251' title='bbox 429 2864 650 2950; x_wconf 88' lang='lat' dir='ltr'><strong>praecipitium</strong></span> <span class='ocrx_word' id='word_1_252' title='bbox 674 2886 746 2931; x_wconf 92' lang='lat' dir='ltr'><strong>cum</strong></span> <span class='ocrx_word' id='word_1_253' title='bbox 768 2867 915 2951; x_wconf 86' lang='lat' dir='ltr'><strong>suspiriis</strong></span> <span class='ocrx_word' id='word_1_254' title='bbox 939 2867 1152 2948; x_wconf 85' lang='lat' dir='ltr'><strong>lacrimamm,</strong></span> <span class='ocrx_word' id='word_1_255' title='bbox 1177 2889 1218 2936; x_wconf 89' lang='lat' dir='ltr'><strong>ue</strong></span> <span class='ocrx_word' id='word_1_256' title='bbox 1234 2868 1474 2948; x_wconf 87' lang='lat' dir='ltr'><strong>divellerentur,</strong></span> <span class='ocrx_word' id='word_1_257' title='bbox 1500 2869 1760 2952; x_wconf 86' lang='lat' dir='ltr'><strong>constringebant</strong></span> <span class='ocrx_word' id='word_1_258' title='bbox 1781 2865 1928 2931; x_wconf 86' lang='lat' dir='ltr'><strong>manibus</strong></span> <span class='ocrx_word' id='word_1_259' title='bbox 1946 2885 2054 2947; x_wconf 89' lang='lat' dir='ltr'><strong>genua</strong></span> 
     </span>
     <span class='ocr_line' id='line_1_25' title="bbox 429 2968 2054 3058; baseline 0.001 -26"><span class='ocrx_word' id='word_1_260' title='bbox 429 2968 597 3035; x_wconf 91' lang='lat' dir='ltr'><strong>sociomm.</strong></span> <span class='ocrx_word' id='word_1_261' title='bbox 643 2989 723 3052; x_wconf 91' lang='lat' dir='ltr'><strong>quos</strong></span> <span class='ocrx_word' id='word_1_262' title='bbox 747 2969 899 3038; x_wconf 87' lang='lat' dir='ltr'><strong>violentis</strong></span> <span class='ocrx_word' id='word_1_263' title='bbox 921 2978 1027 3038; x_wconf 82' lang='lat' dir='ltr'><strong>amen</strong></span> <span class='ocrx_word' id='word_1_264' title='bbox 1049 2972 1221 3054; x_wconf 88' lang='lat' dir='ltr'><strong>haeretica,</strong></span> <span class='ocrx_word' id='word_1_265' title='bbox 1252 2972 1430 3040; x_wconf 88' lang='lat' dir='ltr'><strong>minacibus</strong></span> <span class='ocrx_word' id='word_1_266' title='bbox 1453 2991 1609 3058; x_wconf 87' lang='lat' dir='ltr'><strong>separans</strong></span> <span class='ocrx_word' id='word_1_267' title='bbox 1631 2971 1766 3054; x_wconf 86' lang='lat' dir='ltr'><strong>gladiis,</strong></span> <span class='ocrx_word' id='word_1_268' title='bbox 1793 2968 1981 3051; x_wconf 83' lang='lat' dir='ltr'><strong>Carthagini</strong></span> <span class='ocrx_word' id='word_1_269' title='bbox 2002 2988 2054 3033; x_wconf 92' lang='lat' dir='ltr'><strong>re-</strong></span> 
     </span>
     <span class='ocr_line' id='line_1_26' title="bbox 363 3070 2104 3158; baseline 0.001 -25"><span class='ocrx_word' id='word_1_270' title='bbox 363 3076 402 3134; x_wconf 80' lang='lat' dir='ltr'><strong>io</strong></span> <span class='ocrx_word' id='word_1_271' title='bbox 430 3071 564 3136; x_wconf 84' lang='lat' dir='ltr'><strong>vocavit.</strong></span> <span class='ocrx_word' id='word_1_272' title='bbox 605 3070 671 3137; x_wconf 84' lang='lat' dir='ltr'><strong>Sed</strong></span> <span class='ocrx_word' id='word_1_273' title='bbox 686 3072 762 3139; x_wconf 91' lang='lat' dir='ltr'><strong>dum</strong></span> <span class='ocrx_word' id='word_1_274' title='bbox 778 3075 924 3155; x_wconf 89' lang='lat' dir='ltr'><strong>cumeis,</strong></span> <span class='ocrx_word' id='word_1_275' title='bbox 943 3075 1035 3158; x_wconf 84' lang='lat' dir='ltr'><strong>quasi</strong></span> <span class='ocrx_word' id='word_1_276' title='bbox 1051 3095 1123 3142; x_wconf 90' lang='lat' dir='ltr'><strong>cnm</strong></span> <span class='ocrx_word' id='word_1_277' title='bbox 1138 3076 1197 3142; x_wconf 88' lang='lat' dir='ltr'><strong>tali</strong></span> <span class='ocrx_word' id='word_1_278' title='bbox 1213 3082 1330 3157; x_wconf 86' lang='lat' dir='ltr'><strong>aetate,</strong></span> <span class='ocrx_word' id='word_1_279' title='bbox 1349 3097 1414 3142; x_wconf 91' lang='lat' dir='ltr'><strong>non</strong></span> <span class='ocrx_word' id='word_1_280' title='bbox 1428 3075 1594 3143; x_wconf 90' lang='lat' dir='ltr'><strong>blanditiis</strong></span> <span class='ocrx_word' id='word_1_281' title='bbox 1609 3081 1770 3158; x_wconf 88' lang='lat' dir='ltr'><strong>ageretur,</strong></span> <span class='ocrx_word' id='word_1_282' title='bbox 1790 3072 1968 3156; x_wconf 91' lang='lat' dir='ltr'><strong>superiores</strong></span> <span class='ocrx_word' id='word_1_283' title='bbox 1984 3071 2051 3137; x_wconf 90' lang='lat' dir='ltr'><strong>suis</strong></span> <span class='ocrx_word' id='word_1_284' title='bbox 2072 3093 2104 3136; x_wconf 79' lang='grc' dir='ltr'><strong>ιι</strong></span> 
     </span>
     <span class='ocr_line' id='line_1_27' title="bbox 431 3173 2053 3261; baseline 0.001 -23"><span class='ocrx_word' id='word_1_285' title='bbox 431 3173 553 3240; x_wconf 92' lang='lat' dir='ltr'><strong>inventi</strong></span> <span class='ocrx_word' id='word_1_286' title='bbox 575 3182 650 3240; x_wconf 91' lang='lat' dir='ltr'><strong>suut</strong></span> <span class='ocrx_word' id='word_1_287' title='bbox 670 3176 774 3258; x_wconf 89' lang='lat' dir='ltr'><strong>annis,</strong></span> <span class='ocrx_word' id='word_1_288' title='bbox 800 3183 832 3242; x_wconf 91' lang='lat' dir='ltr'><strong>et</strong></span> <span class='ocrx_word' id='word_1_289' title='bbox 854 3197 894 3242; x_wconf 92' lang='lat' dir='ltr'><strong>ue</strong></span> <span class='ocrx_word' id='word_1_290' title='bbox 917 3177 1132 3244; x_wconf 91' lang='lat' dir='ltr'><strong>obdormirent</strong></span> <span class='ocrx_word' id='word_1_291' title='bbox 1153 3178 1186 3244; x_wconf 91' lang='lat' dir='ltr'><strong>in</strong></span> <span class='ocrx_word' id='word_1_292' title='bbox 1208 3185 1351 3261; x_wconf 90' lang='lat' dir='ltr'><strong>mortem,</strong></span> <span class='ocrx_word' id='word_1_293' title='bbox 1378 3179 1540 3246; x_wconf 87' lang='lat' dir='ltr'><strong>lucernam</strong></span> <span class='ocrx_word' id='word_1_294' title='bbox 1563 3179 1624 3244; x_wconf 88' lang='lat' dir='ltr'><strong>sibi</strong></span> <span class='ocrx_word' id='word_1_295' title='bbox 1646 3176 1825 3260; x_wconf 88' lang='lat' dir='ltr'><strong>evangelici</strong></span> <span class='ocrx_word' id='word_1_296' title='bbox 1848 3175 1975 3241; x_wconf 90' lang='lat' dir='ltr'><strong>luminis</strong></span> <span class='ocrx_word' id='word_1_297' title='bbox 1998 3191 2053 3239; x_wconf 84' lang='lat' dir='ltr'><strong>ac-</strong></span> 
     </span>
     <span class='ocr_line' id='line_1_28' title="bbox 431 3277 2050 3366; baseline 0.001 -25"><span class='ocrx_word' id='word_1_298' title='bbox 431 3277 614 3342; x_wconf 89' lang='lat' dir='ltr'><strong>cenderunt.</strong></span> <span class='ocrx_word' id='word_1_299' title='bbox 663 3278 875 3362; x_wconf 88' lang='lat' dir='ltr'><strong>indignantur</strong></span> <span class='ocrx_word' id='word_1_300' title='bbox 896 3280 936 3344; x_wconf 94' lang='lat' dir='ltr'><strong>ob</strong></span> <span class='ocrx_word' id='word_1_301' title='bbox 960 3280 1019 3345; x_wconf 90' lang='lat' dir='ltr'><strong>hoo</strong></span> <span class='ocrx_word' id='word_1_302' title='bbox 1041 3280 1183 3361; x_wconf 90' lang='lat' dir='ltr'><strong>graviter</strong></span> <span class='ocrx_word' id='word_1_303' title='bbox 1204 3280 1332 3348; x_wconf 84' lang='lat' dir='ltr'><strong>Arriani</strong></span> <span class='ocrx_word' id='word_1_304' title='bbox 1360 3289 1393 3348; x_wconf 91' lang='lat' dir='ltr'><strong>et</strong></span> <span class='ocrx_word' id='word_1_305' title='bbox 1422 3301 1457 3348; x_wconf 91' lang='lat' dir='ltr'><strong>se</strong></span> <span class='ocrx_word' id='word_1_306' title='bbox 1479 3287 1646 3366; x_wconf 88' lang='lat' dir='ltr'><strong>superatos</strong></span> <span class='ocrx_word' id='word_1_307' title='bbox 1674 3302 1695 3346; x_wconf 92' lang='lat' dir='ltr'><strong>a</strong></span> <span class='ocrx_word' id='word_1_308' title='bbox 1716 3279 1824 3366; x_wconf 90' lang='lat' dir='ltr'><strong>pueris</strong></span> <span class='ocrx_word' id='word_1_309' title='bbox 1848 3279 2050 3344; x_wconf 86' lang='lat' dir='ltr'><strong>erubeseunt.</strong></span> 
     </span>
     <span class='ocr_line' id='line_1_29' title="bbox 431 3379 2053 3476; baseline 0.001 -33"><span class='ocrx_word' id='word_1_310' title='bbox 431 3379 522 3448; x_wconf 89' lang='lat' dir='ltr'><strong>Vnde</strong></span> <span class='ocrx_word' id='word_1_311' title='bbox 545 3382 671 3448; x_wconf 87' lang='lat' dir='ltr'><strong>accensi</strong></span> <span class='ocrx_word' id='word_1_312' title='bbox 694 3381 788 3448; x_wconf 91' lang='lat' dir='ltr'><strong>subdi</strong></span> <span class='ocrx_word' id='word_1_313' title='bbox 810 3382 923 3466; x_wconf 89' lang='lat' dir='ltr'><strong>iterum</strong></span> <span class='ocrx_word' id='word_1_314' title='bbox 947 3382 1085 3449; x_wconf 83' lang='lat' dir='ltr'><strong>fustibus</strong></span> <span class='ocrx_word' id='word_1_315' title='bbox 1107 3383 1227 3465; x_wconf 91' lang='lat' dir='ltr'><strong>iubent,</strong></span> <span class='ocrx_word' id='word_1_316' title='bbox 1254 3404 1334 3467; x_wconf 90' lang='lat' dir='ltr'><strong>quos</strong></span> <span class='ocrx_word' id='word_1_317' title='bbox 1357 3386 1422 3451; x_wconf 91' lang='lat' dir='ltr'><strong>iam</strong></span> <span class='ocrx_word' id='word_1_318' title='bbox 1444 3392 1519 3451; x_wconf 88' lang='lat' dir='ltr'><strong>ante</strong></span> <span class='ocrx_word' id='word_1_319' title='bbox 1541 3384 1752 3476; x_wconf 83' lang='lat' dir='ltr'><strong>paucissimos</strong></span> <span class='ocrx_word' id='word_1_320' title='bbox 1775 3382 1844 3449; x_wconf 88' lang='lat' dir='ltr'><strong>dies</strong></span> <span class='ocrx_word' id='word_1_321' title='bbox 1862 3382 1959 3447; x_wconf 89' lang='lat' dir='ltr'><strong>variis</strong></span> <span class='ocrx_word' id='word_1_322' title='bbox 1981 3402 2053 3446; x_wconf 91' lang='lat' dir='ltr'><strong>vcr-</strong></span> 
     </span>
     <span class='ocr_line' id='line_1_30' title="bbox 431 3484 2053 3572; baseline 0.001 -23"><span class='ocrx_word' id='word_1_323' title='bbox 431 3484 560 3550; x_wconf 91' lang='lat' dir='ltr'><strong>beribus</strong></span> <span class='ocrx_word' id='word_1_324' title='bbox 589 3485 834 3568; x_wconf 87' lang='lat' dir='ltr'><strong>dissipaverant.</strong></span> <span class='ocrx_word' id='word_1_325' title='bbox 882 3485 1100 3570; x_wconf 88' lang='lat' dir='ltr'><strong>inprimuntur</strong></span> <span class='ocrx_word' id='word_1_326' title='bbox 1121 3487 1305 3554; x_wconf 88' lang='lat' dir='ltr'><strong>vulneribus</strong></span> <span class='ocrx_word' id='word_1_327' title='bbox 1332 3489 1483 3570; x_wconf 85' lang='lat' dir='ltr'><strong>vulnera,</strong></span> <span class='ocrx_word' id='word_1_328' title='bbox 1516 3497 1549 3554; x_wconf 93' lang='lat' dir='ltr'><strong>et</strong></span> <span class='ocrx_word' id='word_1_329' title='bbox 1577 3508 1702 3554; x_wconf 88' lang='lat' dir='ltr'><strong>rursum</strong></span> <span class='ocrx_word' id='word_1_330' title='bbox 1738 3507 1842 3572; x_wconf 87' lang='lat' dir='ltr'><strong>poena</strong></span> <span class='ocrx_word' id='word_1_331' title='bbox 1874 3491 2053 3551; x_wconf 87' lang='lat' dir='ltr'><strong>restaurata</strong></span> 
     </span>
     <span class='ocr_line' id='line_1_31' title="bbox 432 3586 2102 3672; baseline 0.002 -22"><span class='ocrx_word' id='word_1_332' title='bbox 432 3586 600 3653; x_wconf 87' lang='lat' dir='ltr'><strong>crudescit.</strong></span> <span class='ocrx_word' id='word_1_333' title='bbox 646 3588 778 3654; x_wconf 80' lang='lat' dir='ltr'><strong>Factum</strong></span> <span class='ocrx_word' id='word_1_334' title='bbox 801 3595 851 3653; x_wconf 91' lang='lat' dir='ltr'><strong>est</strong></span> <span class='ocrx_word' id='word_1_335' title='bbox 872 3588 1001 3654; x_wconf 92' lang='lat' dir='ltr'><strong>domino</strong></span> <span class='ocrx_word' id='word_1_336' title='bbox 1025 3589 1237 3672; x_wconf 84' lang='lat' dir='ltr'><strong>confortante,</strong></span> <span class='ocrx_word' id='word_1_337' title='bbox 1264 3597 1298 3656; x_wconf 90' lang='lat' dir='ltr'><strong>ut</strong></span> <span class='ocrx_word' id='word_1_338' title='bbox 1320 3611 1380 3657; x_wconf 90' lang='lat' dir='ltr'><strong>uec</strong></span> <span class='ocrx_word' id='word_1_339' title='bbox 1402 3599 1494 3658; x_wconf 89' lang='lat' dir='ltr'><strong>aetas</strong></span> <span class='ocrx_word' id='word_1_340' title='bbox 1516 3591 1620 3656; x_wconf 91' lang='lat' dir='ltr'><strong>minor</strong></span> <span class='ocrx_word' id='word_1_341' title='bbox 1642 3591 1793 3657; x_wconf 85' lang='lat' dir='ltr'><strong>deiiceret</strong></span> <span class='ocrx_word' id='word_1_342' title='bbox 1813 3590 1846 3655; x_wconf 91' lang='lat' dir='ltr'><strong>in</strong></span> <span class='ocrx_word' id='word_1_343' title='bbox 1868 3587 1994 3668; x_wconf 91' lang='lat' dir='ltr'><strong>dolore,</strong></span> <span class='ocrx_word' id='word_1_344' title='bbox 2020 3594 2052 3652; x_wconf 90' lang='lat' dir='ltr'><strong>et</strong></span> <span class='ocrx_word' id='word_1_345' title='bbox 2072 3613 2102 3653; x_wconf 86' lang='lat' dir='ltr'><strong>co</strong></span> 
     </span>
     <span class='ocr_line' id='line_1_32' title="bbox 431 3689 2053 3778; baseline 0.001 -24"><span class='ocrx_word' id='word_1_346' title='bbox 431 3689 535 3773; x_wconf 89' lang='lat' dir='ltr'><strong>magis</strong></span> <span class='ocrx_word' id='word_1_347' title='bbox 557 3691 683 3756; x_wconf 88' lang='lat' dir='ltr'><strong>animus</strong></span> <span class='ocrx_word' id='word_1_348' title='bbox 705 3697 864 3756; x_wconf 90' lang='lat' dir='ltr'><strong>cresceret</strong></span> <span class='ocrx_word' id='word_1_349' title='bbox 885 3689 1051 3758; x_wconf 86' lang='lat' dir='ltr'><strong>roboratus</strong></span> <span class='ocrx_word' id='word_1_350' title='bbox 1073 3692 1106 3757; x_wconf 89' lang='lat' dir='ltr'><strong>in</strong></span> <span class='ocrx_word' id='word_1_351' title='bbox 1129 3693 1202 3760; x_wconf 89' lang='lat' dir='ltr'><strong>fide.</strong></span> <span class='ocrx_word' id='word_1_352' title='bbox 1258 3695 1344 3774; x_wconf 81' lang='lat' dir='ltr'><strong>eros</strong></span> <span class='ocrx_word' id='word_1_353' title='bbox 1368 3716 1450 3760; x_wconf 90' lang='lat' dir='ltr'><strong>nuno</strong></span> <span class='ocrx_word' id='word_1_354' title='bbox 1474 3695 1635 3778; x_wconf 82' lang='lat' dir='ltr'><strong>Carthago</strong></span> <span class='ocrx_word' id='word_1_355' title='bbox 1665 3695 1743 3759; x_wconf 90' lang='lat' dir='ltr'><strong>miro</strong></span> <span class='ocrx_word' id='word_1_356' title='bbox 1774 3693 1849 3758; x_wconf 91' lang='lat' dir='ltr'><strong>colit</strong></span> <span class='ocrx_word' id='word_1_357' title='bbox 1870 3691 1997 3757; x_wconf 85' lang='lat' dir='ltr'><strong>adiectu</strong></span> <span class='ocrx_word' id='word_1_358' title='bbox 2020 3698 2053 3755; x_wconf 92' lang='lat' dir='ltr'><strong>et</strong></span> 
     </span>
     <span class='ocr_line' id='line_1_33' title="bbox 431 3793 2047 3883; baseline 0.001 -26"><span class='ocrx_word' id='word_1_359' title='bbox 431 3793 524 3874; x_wconf 87' lang='lat' dir='ltr'><strong>quasi</strong></span> <span class='ocrx_word' id='word_1_360' title='bbox 546 3793 712 3860; x_wconf 90' lang='lat' dir='ltr'><strong>duodecim</strong></span> <span class='ocrx_word' id='word_1_361' title='bbox 728 3796 942 3879; x_wconf 88' lang='lat' dir='ltr'><strong>apostolorum</strong></span> <span class='ocrx_word' id='word_1_362' title='bbox 966 3795 1096 3862; x_wconf 91' lang='lat' dir='ltr'><strong>chorum</strong></span> <span class='ocrx_word' id='word_1_363' title='bbox 1120 3799 1273 3882; x_wconf 89' lang='lat' dir='ltr'><strong>conspicit</strong></span> <span class='ocrx_word' id='word_1_364' title='bbox 1294 3818 1473 3883; x_wconf 91' lang='lat' dir='ltr'><strong>puerorum.</strong></span> <span class='ocrx_word' id='word_1_365' title='bbox 1513 3799 1584 3864; x_wconf 89' lang='lat' dir='ltr'><strong>Vna</strong></span> <span class='ocrx_word' id='word_1_366' title='bbox 1599 3798 1730 3879; x_wconf 86' lang='lat' dir='ltr'><strong>degunt,</strong></span> <span class='ocrx_word' id='word_1_367' title='bbox 1756 3797 1852 3862; x_wconf 90' lang='lat' dir='ltr'><strong>simul</strong></span> <span class='ocrx_word' id='word_1_368' title='bbox 1868 3801 2047 3876; x_wconf 88' lang='lat' dir='ltr'><strong>vescuntur,</strong></span> 
     </span>
     <span class='ocr_line' id='line_1_34' title="bbox 431 3896 1266 3984; baseline 0.004 -23"><span class='ocrx_word' id='word_1_369' title='bbox 431 3896 551 3980; x_wconf 86' lang='lat' dir='ltr'><strong>pariter</strong></span> <span class='ocrx_word' id='word_1_370' title='bbox 572 3899 725 3982; x_wconf 88' lang='lat' dir='ltr'><strong>psallunt,</strong></span> <span class='ocrx_word' id='word_1_371' title='bbox 752 3898 846 3964; x_wconf 90' lang='lat' dir='ltr'><strong>simul</strong></span> <span class='ocrx_word' id='word_1_372' title='bbox 869 3900 902 3964; x_wconf 92' lang='lat' dir='ltr'><strong>iu</strong></span> <span class='ocrx_word' id='word_1_373' title='bbox 924 3900 1053 3966; x_wconf 91' lang='lat' dir='ltr'><strong>domino</strong></span> <span class='ocrx_word' id='word_1_374' title='bbox 1079 3901 1266 3984; x_wconf 87' lang='lat' dir='ltr'><strong>gloriantur.</strong></span> 
     </span>
     <span class='ocr_line' id='line_1_35' title="bbox 364 4000 2051 4088; baseline 0.001 -23"><span class='ocrx_word' id='word_1_375' title='bbox 364 4008 400 4065; x_wconf 80' lang='grc'><strong>41</strong></span> <span class='ocrx_word' id='word_1_376' title='bbox 515 4000 586 4065; x_wconf 92' lang='lat' dir='ltr'><strong>Illis</strong></span> <span class='ocrx_word' id='word_1_377' title='bbox 615 4001 729 4068; x_wconf 88' lang='lat' dir='ltr'><strong>diebus</strong></span> <span class='ocrx_word' id='word_1_378' title='bbox 756 4009 789 4068; x_wconf 90' lang='lat' dir='ltr'><strong>et</strong></span> <span class='ocrx_word' id='word_1_379' title='bbox 818 4002 881 4068; x_wconf 93' lang='lat' dir='ltr'><strong>dno</strong></span> <span class='ocrx_word' id='word_1_380' title='bbox 910 4005 1144 4088; x_wconf 88' lang='lat' dir='ltr'><strong>negotiatores,</strong></span> <span class='ocrx_word' id='word_1_381' title='bbox 1177 4005 1379 4071; x_wconf 86' lang='lat' dir='ltr'><strong>Frumentius</strong></span> <span class='ocrx_word' id='word_1_382' title='bbox 1409 4013 1441 4070; x_wconf 92' lang='lat' dir='ltr'><strong>et</strong></span> <span class='ocrx_word' id='word_1_383' title='bbox 1470 4005 1554 4070; x_wconf 88' lang='lat' dir='ltr'><strong>alius</strong></span> <span class='ocrx_word' id='word_1_384' title='bbox 1584 4003 1786 4068; x_wconf 83' lang='lat' dir='ltr'><strong>Frumentins</strong></span> <span class='ocrx_word' id='word_1_385' title='bbox 1813 4003 1876 4088; x_wconf 90' lang='lat' dir='ltr'><strong>ipsi</strong></span> <span class='ocrx_word' id='word_1_386' title='bbox 1908 4002 2051 4067; x_wconf 87' lang='lat' dir='ltr'><strong>eiusdem</strong></span> 
     </span>
    </p>
   </div>
   <div class='ocr_carea' id='block_1_3' title="bbox 503 4207 721 4274">
    <p class='ocr_par' dir='ltr' id='par_1_6' title="bbox 503 4207 721 4274">
     <span class='ocr_line' id='line_1_36' title="bbox 503 4207 721 4274; baseline 0.023 -17"><span class='ocrx_word' id='word_1_387' title='bbox 503 4209 542 4272; x_wconf 85' lang='grc'><strong>13)</strong></span> <span class='ocrx_word' id='word_1_388' title='bbox 563 4207 614 4264; x_wconf 93' lang='lat' dir='ltr'><strong>lob</strong></span> <span class='ocrx_word' id='word_1_389' title='bbox 634 4211 658 4274; x_wconf 88' lang='grc'><strong>1,</strong></span> <span class='ocrx_word' id='word_1_390' title='bbox 678 4211 721 4262; x_wconf 83' lang='lat'><strong>21.</strong></span> 
     </span>
    </p>
   </div>
   <div class='ocr_carea' id='block_1_4' title="bbox 431 4481 2054 5780">
    <p class='ocr_par' dir='ltr' id='par_1_7' title="bbox 431 4481 2054 5780">
     <span class='ocr_line' id='line_1_37' title="bbox 502 4481 2050 4580; baseline 0 -26"><span class='ocrx_word' id='word_1_391' title='bbox 502 4504 620 4568; x_wconf 76' lang='lat' dir='ltr'><strong>isquam</strong></span> <span class='ocrx_word' id='word_1_392' title='bbox 640 4506 708 4556; x_wconf 81' lang='lat' dir='ltr'><strong>BLV</strong></span> <span class='ocrx_word' id='word_1_393' title='bbox 817 4520 925 4569; x_wconf 71' lang='lat' dir='ltr'><strong>purpure</strong></span> <span class='ocrx_word' id='word_1_394' title='bbox 944 4506 980 4554; x_wconf 85' lang='lat' dir='ltr'><strong>L:</strong></span> <span class='ocrx_word' id='word_1_395' title='bbox 1004 4522 1140 4570; x_wconf 78' lang='lat' dir='ltr'><strong>purpuram</strong></span> <span class='ocrx_word' id='word_1_396' title='bbox 1160 4507 1237 4580; x_wconf 60' lang='lat' dir='ltr'><strong>uulf,</strong></span> <span class='ocrx_word' id='word_1_397' title='bbox 1263 4522 1420 4570; x_wconf 84' lang='lat' dir='ltr'><strong>purpurosp</strong></span> <span class='ocrx_word' id='word_1_398' title='bbox 1535 4481 1689 4557; x_wconf 83' lang='lat' dir='ltr'><strong>docorsuiB</strong></span> <span class='ocrx_word' id='word_1_399' title='bbox 1812 4508 1936 4570; x_wconf 83' lang='lat' dir='ltr'><strong>conspicio</strong></span> <span class='ocrx_word' id='word_1_400' title='bbox 1954 4507 2050 4554; x_wconf 82' lang='lat' dir='ltr'><strong>arritum</strong></span> 
     </span>
     <span class='ocr_line' id='line_1_38' title="bbox 434 4590 2013 4660; baseline 0.001 -22"><span class='ocrx_word' id='word_1_401' title='bbox 434 4591 541 4652; x_wconf 85' lang='lat' dir='ltr'><strong>(uultum</strong></span> <span class='ocrx_word' id='word_1_402' title='bbox 552 4598 578 4654; x_wconf 83' lang='lat' dir='ltr'><strong>p)</strong></span> <span class='ocrx_word' id='word_1_403' title='bbox 600 4594 721 4653; x_wconf 78' lang='lat' dir='ltr'><strong>signaculi</strong></span> <span class='ocrx_word' id='word_1_404' title='bbox 732 4592 786 4656; x_wconf 77' lang='lat' dir='ltr'><strong>Rp:</strong></span> <span class='ocrx_word' id='word_1_405' title='bbox 805 4595 962 4656; x_wconf 87' lang='lat' dir='ltr'><strong>eouspiuiunt</strong></span> <span class='ocrx_word' id='word_1_406' title='bbox 973 4595 1038 4645; x_wconf 87' lang='lat' dir='ltr'><strong>ocull</strong></span> <span class='ocrx_word' id='word_1_407' title='bbox 1051 4595 1121 4644; x_wconf 81' lang='lat' dir='ltr'><strong>BLV</strong></span> <span class='ocrx_word' id='word_1_408' title='bbox 1223 4593 1239 4642; x_wconf 79' lang='lat' dir='ltr'><strong>‘i</strong></span> <span class='ocrx_word' id='word_1_409' title='bbox 1257 4601 1380 4643; x_wconf 78' lang='lat' dir='ltr'><strong>caractere</strong></span> <span class='ocrx_word' id='word_1_410' title='bbox 1393 4595 1414 4642; x_wconf 86' lang='lat' dir='ltr'><strong><em>B</em></strong></span> <span class='ocrx_word' id='word_1_411' title='bbox 1518 4608 1567 4642; x_wconf 92' lang='lat' dir='ltr'><strong>non</strong></span> <span class='ocrx_word' id='word_1_412' title='bbox 1580 4590 1665 4660; x_wconf 86' lang='lat' dir='ltr'><strong>uideo]</strong></span> <span class='ocrx_word' id='word_1_413' title='bbox 1683 4591 1785 4643; x_wconf 81' lang='lat' dir='ltr'><strong>uouirdd</strong></span> <span class='ocrx_word' id='word_1_414' title='bbox 1801 4593 1821 4640; x_wconf 86' lang='lat' dir='ltr'><em>V</em></span> <span class='ocrx_word' id='word_1_415' title='bbox 1839 4592 2013 4656; x_wconf 72' lang='lat' dir='ltr'><strong>(dissuasuro)</strong></span> 
     </span>
     <span class='ocr_line' id='line_1_39' title="bbox 432 4676 2052 4744; baseline 0.001 -19"><span class='ocrx_word' id='word_1_416' title='bbox 432 4676 580 4728; x_wconf 73' lang='lat' dir='ltr'><strong>britonibus</strong></span> <span class='ocrx_word' id='word_1_417' title='bbox 591 4685 617 4728; x_wconf 90' lang='lat' dir='ltr'><strong>et</strong></span> <span class='ocrx_word' id='word_1_418' title='bbox 628 4680 734 4742; x_wconf 86' lang='lat' dir='ltr'><strong>pedibus</strong></span> <span class='ocrx_word' id='word_1_419' title='bbox 746 4680 785 4742; x_wconf 75' lang='lat' dir='ltr'><strong>up</strong></span> <span class='ocrx_word' id='word_1_420' title='bbox 796 4686 819 4728; x_wconf 84' lang='lat' dir='ltr'><strong>ei</strong></span> <span class='ocrx_word' id='word_1_421' title='bbox 831 4682 906 4741; x_wconf 81' lang='lat' dir='ltr'><strong>culpo</strong></span> <span class='ocrx_word' id='word_1_422' title='bbox 1001 4682 1338 4744; x_wconf 82' lang='lat' dir='ltr'><strong>suistuuiculispeiuulgo</strong></span> <span class='ocrx_word' id='word_1_423' title='bbox 1435 4683 1548 4742; x_wconf 83' lang='lat' dir='ltr'><strong>ipsump</strong></span> <span class='ocrx_word' id='word_1_424' title='bbox 1651 4679 1778 4730; x_wconf 77' lang='lat' dir='ltr'><strong>ldudum</strong></span> <span class='ocrx_word' id='word_1_425' title='bbox 1790 4693 1837 4728; x_wconf 86' lang='lat' dir='ltr'><strong>om.</strong></span> <span class='ocrx_word' id='word_1_426' title='bbox 1853 4678 1892 4740; x_wconf 72' lang='lat' dir='ltr'><strong>up</strong></span> <span class='ocrx_word' id='word_1_427' title='bbox 1994 4681 2052 4740; x_wconf 91' lang='lat' dir='ltr'><strong>qui-</strong></span> 
     </span>
     <span class='ocr_line' id='line_1_40' title="bbox 432 4762 2052 4833; baseline 0.002 -22"><span class='ocrx_word' id='word_1_428' title='bbox 432 4765 478 4812; x_wconf 89' lang='lat' dir='ltr'><strong>bus</strong></span> <span class='ocrx_word' id='word_1_429' title='bbox 496 4771 525 4812; x_wconf 91' lang='lat' dir='ltr'><strong>ut</strong></span> <span class='ocrx_word' id='word_1_430' title='bbox 542 4765 662 4814; x_wconf 81' lang='lat' dir='ltr'><strong>semetlt</strong></span> <span class='ocrx_word' id='word_1_431' title='bbox 765 4762 927 4833; x_wconf 71' lang='lat' dir='ltr'><strong>circuirent]</strong></span> <span class='ocrx_word' id='word_1_432' title='bbox 946 4768 1104 4818; x_wconf 83' lang='lat' dir='ltr'><strong>uersntBV¹</strong></span> <span class='ocrx_word' id='word_1_433' title='bbox 1207 4769 1324 4818; x_wconf 83' lang='lat' dir='ltr'><strong>brobore</strong></span> <span class='ocrx_word' id='word_1_434' title='bbox 1343 4767 1399 4816; x_wconf 84' lang='lat' dir='ltr'><strong>BV¹</strong></span> <span class='ocrx_word' id='word_1_435' title='bbox 1505 4765 1588 4814; x_wconf 77' lang='lat' dir='ltr'><strong>ielis</strong></span> <span class='ocrx_word' id='word_1_436' title='bbox 1606 4767 1675 4815; x_wconf 74' lang='lat' dir='ltr'><strong>irriu</strong></span> <span class='ocrx_word' id='word_1_437' title='bbox 1693 4766 1825 4827; x_wconf 85' lang='lat' dir='ltr'><strong>direntep</strong></span> <span class='ocrx_word' id='word_1_438' title='bbox 1927 4765 2052 4828; x_wconf 73' lang='lat' dir='ltr'><strong>liparen·</strong></span> 
     </span>
     <span class='ocr_line' id='line_1_41' title="bbox 431 4851 2052 4914; baseline 0.001 -16"><span class='ocrx_word' id='word_1_439' title='bbox 431 4860 470 4898; x_wconf 89' lang='lat' dir='ltr'><strong>tes</strong></span> <span class='ocrx_word' id='word_1_440' title='bbox 488 4852 535 4898; x_wconf 87' lang='lat' dir='ltr'><strong>BV</strong></span> <span class='ocrx_word' id='word_1_441' title='bbox 636 4853 746 4914; x_wconf 86' lang='lat' dir='ltr'><strong>igiturp</strong></span> <span class='ocrx_word' id='word_1_442' title='bbox 861 4851 891 4901; x_wconf 86' lang='lat' dir='ltr'><strong>io</strong></span> <span class='ocrx_word' id='word_1_443' title='bbox 909 4854 1050 4904; x_wconf 69' lang='lat' dir='ltr'><strong>destinetur</strong></span> <span class='ocrx_word' id='word_1_444' title='bbox 1068 4854 1124 4902; x_wconf 59' lang='grc' dir='ltr'><strong>ΒΨ</strong></span> <span class='ocrx_word' id='word_1_445' title='bbox 1240 4854 1268 4904; x_wconf 90' lang='lat' dir='ltr'><strong>li</strong></span> <span class='ocrx_word' id='word_1_446' title='bbox 1289 4855 1413 4903; x_wconf 88' lang='lat' dir='ltr'><strong>uiolentes</strong></span> <span class='ocrx_word' id='word_1_447' title='bbox 1432 4855 1492 4902; x_wconf 87' lang='lat' dir='ltr'><strong>BV:</strong></span> <span class='ocrx_word' id='word_1_448' title='bbox 1510 4854 1614 4903; x_wconf 86' lang='lat' dir='ltr'><strong>uiolenti</strong></span> <span class='ocrx_word' id='word_1_449' title='bbox 1633 4853 1695 4914; x_wconf 74' lang='lat' dir='ltr'><strong>Lep</strong></span> <span class='ocrx_word' id='word_1_450' title='bbox 1713 4857 1736 4900; x_wconf 81' lang='lat' dir='ltr'><strong>st</strong></span> <span class='ocrx_word' id='word_1_451' title='bbox 1753 4855 1827 4912; x_wconf 73' lang='lat' dir='ltr'><strong>maipa</strong></span> <span class='ocrx_word' id='word_1_452' title='bbox 1944 4852 1974 4902; x_wconf 74' lang='lat' dir='ltr'><strong>it</strong></span> <span class='ocrx_word' id='word_1_453' title='bbox 1992 4866 2052 4900; x_wconf 89' lang='lat' dir='ltr'><strong>eou-</strong></span> 
     </span>
     <span class='ocr_line' id='line_1_42' title="bbox 431 4933 2018 5001; baseline 0.001 -17"><span class='ocrx_word' id='word_1_454' title='bbox 431 4938 542 4987; x_wconf 84' lang='lat' dir='ltr'><strong>tulersnt</strong></span> <span class='ocrx_word' id='word_1_455' title='bbox 559 4937 615 4986; x_wconf 81' lang='lat' dir='ltr'><strong>BV¹</strong></span> <span class='ocrx_word' id='word_1_456' title='bbox 755 4937 785 4988; x_wconf 83' lang='lat'><strong>13</strong></span> <span class='ocrx_word' id='word_1_457' title='bbox 803 4941 878 4990; x_wconf 75' lang='lat' dir='ltr'><strong>etiarn</strong></span> <span class='ocrx_word' id='word_1_458' title='bbox 895 4953 944 4990; x_wconf 80' lang='lat' dir='ltr'><strong>cru.</strong></span> <span class='ocrx_word' id='word_1_459' title='bbox 964 4940 1035 4990; x_wconf 83' lang='lat' dir='ltr'><strong>BLV</strong></span> <span class='ocrx_word' id='word_1_460' title='bbox 1176 4941 1206 4990; x_wconf 84' lang='lat'><strong>15</strong></span> <span class='ocrx_word' id='word_1_461' title='bbox 1225 4955 1281 4989; x_wconf 82' lang='lat' dir='ltr'><strong>usui</strong></span> <span class='ocrx_word' id='word_1_462' title='bbox 1299 4949 1324 4989; x_wconf 87' lang='lat' dir='ltr'><strong>et</strong></span> <span class='ocrx_word' id='word_1_463' title='bbox 1343 4940 1460 4989; x_wconf 81' lang='lat' dir='ltr'><strong>uusndsli</strong></span> <span class='ocrx_word' id='word_1_464' title='bbox 1480 4939 1524 4988; x_wconf 82' lang='lat' dir='ltr'><strong>BR</strong></span> <span class='ocrx_word' id='word_1_465' title='bbox 1530 4940 1580 5001; x_wconf 83' lang='lat' dir='ltr'><strong>Vp:</strong></span> <span class='ocrx_word' id='word_1_466' title='bbox 1603 4939 1722 4988; x_wconf 85' lang='lat' dir='ltr'><strong>uusudsli</strong></span> <span class='ocrx_word' id='word_1_467' title='bbox 1740 4951 1848 5001; x_wconf 73' lang='lat' dir='ltr'><strong>namque</strong></span> <span class='ocrx_word' id='word_1_468' title='bbox 1865 4939 1888 4986; x_wconf 79' lang='lat' dir='ltr'><em>L</em></span> <span class='ocrx_word' id='word_1_469' title='bbox 1904 4933 1927 4987; x_wconf 80' lang='lat' dir='ltr'><strong>et</strong></span> <span class='ocrx_word' id='word_1_470' title='bbox 1945 4941 2018 5000; x_wconf 73' lang='lat' dir='ltr'><strong>urago</strong></span> 
     </span>
     <span class='ocr_line' id='line_1_43' title="bbox 431 5023 2051 5087; baseline 0.001 -15"><span class='ocrx_word' id='word_1_471' title='bbox 431 5025 557 5084; x_wconf 70' lang='lat' dir='ltr'><strong>genserico</strong></span> <span class='ocrx_word' id='word_1_472' title='bbox 576 5023 613 5085; x_wconf 76' lang='lat' dir='ltr'><strong>up</strong></span> <span class='ocrx_word' id='word_1_473' title='bbox 725 5027 825 5087; x_wconf 85' lang='lat' dir='ltr'><strong>sceptus</strong></span> <span class='ocrx_word' id='word_1_474' title='bbox 844 5027 903 5076; x_wconf 85' lang='lat' dir='ltr'><strong>iscti</strong></span> <span class='ocrx_word' id='word_1_475' title='bbox 920 5030 1072 5076; x_wconf 72' lang='lat' dir='ltr'><strong>confessores</strong></span> <span class='ocrx_word' id='word_1_476' title='bbox 1089 5027 1128 5078; x_wconf 81' lang='lat' dir='ltr'><strong>ed.</strong></span> <span class='ocrx_word' id='word_1_477' title='bbox 1150 5027 1226 5078; x_wconf 75' lang='lat' dir='ltr'><strong>linia.</strong></span> <span class='ocrx_word' id='word_1_478' title='bbox 1345 5026 1373 5076; x_wconf 78' lang='lat' dir='ltr'><strong>it</strong></span> <span class='ocrx_word' id='word_1_479' title='bbox 1394 5027 1588 5076; x_wconf 79' lang='lat' dir='ltr'><strong>confessoresl&#39;</strong></span> <span class='ocrx_word' id='word_1_480' title='bbox 1703 5025 2051 5076; x_wconf 76' lang='lat' dir='ltr'><strong>issssneuau013V:tueu·</strong></span> 
     </span>
     <span class='ocr_line' id='line_1_44' title="bbox 431 5108 2052 5178; baseline 0.001 -20"><span class='ocrx_word' id='word_1_481' title='bbox 431 5111 514 5160; x_wconf 77' lang='lat' dir='ltr'><strong>obsnio</strong></span> <span class='ocrx_word' id='word_1_482' title='bbox 532 5111 563 5172; x_wconf 84' lang='lat' dir='ltr'><strong>L,</strong></span> <span class='ocrx_word' id='word_1_483' title='bbox 582 5111 708 5160; x_wconf 82' lang='lat' dir='ltr'><strong>therrcsrlo</strong></span> <span class='ocrx_word' id='word_1_484' title='bbox 725 5112 878 5174; x_wconf 70' lang='lat' dir='ltr'><strong>sesculpa,</strong></span> <span class='ocrx_word' id='word_1_485' title='bbox 899 5113 1070 5176; x_wconf 83' lang='lat' dir='ltr'><strong>Thaueorlop</strong></span> <span class='ocrx_word' id='word_1_486' title='bbox 1175 5113 1206 5163; x_wconf 87' lang='grc'><strong>19</strong></span> <span class='ocrx_word' id='word_1_487' title='bbox 1223 5114 1379 5164; x_wconf 78' lang='lat' dir='ltr'><strong>catilinael&#39;</strong></span> <span class='ocrx_word' id='word_1_488' title='bbox 1479 5113 1639 5177; x_wconf 80' lang='lat' dir='ltr'><strong>sepsmsV1</strong></span> <span class='ocrx_word' id='word_1_489' title='bbox 1742 5111 1776 5161; x_wconf 79' lang='lat'><strong>20</strong></span> <span class='ocrx_word' id='word_1_490' title='bbox 1794 5111 1878 5159; x_wconf 86' lang='lat' dir='ltr'><strong>llleL</strong></span> <span class='ocrx_word' id='word_1_491' title='bbox 1980 5108 2052 5178; x_wconf 81' lang='lat' dir='ltr'><strong>dium]</strong></span> 
     </span>
     <span class='ocr_line' id='line_1_45' title="bbox 432 5196 2051 5262; baseline 0.001 -18"><span class='ocrx_word' id='word_1_492' title='bbox 432 5212 489 5246; x_wconf 81' lang='lat' dir='ltr'><strong>uum</strong></span> <span class='ocrx_word' id='word_1_493' title='bbox 506 5196 544 5248; x_wconf 78' lang='lat' dir='ltr'><strong>cd.</strong></span> <span class='ocrx_word' id='word_1_494' title='bbox 565 5196 643 5247; x_wconf 82' lang='lat' dir='ltr'><strong>Ruta.</strong></span> <span class='ocrx_word' id='word_1_495' title='bbox 766 5197 796 5248; x_wconf 79' lang='lat'><strong>21</strong></span> <span class='ocrx_word' id='word_1_496' title='bbox 818 5199 871 5248; x_wconf 90' lang='lat' dir='ltr'><strong>uiro</strong></span> <span class='ocrx_word' id='word_1_497' title='bbox 889 5199 928 5247; x_wconf 85' lang='lat' dir='ltr'><strong>L:</strong></span> <span class='ocrx_word' id='word_1_498' title='bbox 950 5214 1010 5247; x_wconf 87' lang='lat' dir='ltr'><strong>ucro</strong></span> <span class='ocrx_word' id='word_1_499' title='bbox 1028 5200 1106 5262; x_wconf 83' lang='lat' dir='ltr'><strong>BRV,</strong></span> <span class='ocrx_word' id='word_1_500' title='bbox 1126 5202 1209 5262; x_wconf 87' lang='lat' dir='ltr'><strong>uirip</strong></span> <span class='ocrx_word' id='word_1_501' title='bbox 1312 5203 1449 5250; x_wconf 88' lang='lat' dir='ltr'><strong>mittuntur</strong></span> <span class='ocrx_word' id='word_1_502' title='bbox 1467 5207 1492 5248; x_wconf 89' lang='lat' dir='ltr'><strong>et</strong></span> <span class='ocrx_word' id='word_1_503' title='bbox 1510 5201 1634 5249; x_wconf 79' lang='lat' dir='ltr'><strong>barbarico</strong></span> <span class='ocrx_word' id='word_1_504' title='bbox 1653 5200 1767 5260; x_wconf 85' lang='lat' dir='ltr'><strong>iurorep</strong></span> <span class='ocrx_word' id='word_1_505' title='bbox 1872 5199 1985 5246; x_wconf 86' lang='lat' dir='ltr'><strong>bissenos</strong></span> <span class='ocrx_word' id='word_1_506' title='bbox 2003 5211 2051 5246; x_wconf 89' lang='lat' dir='ltr'><strong>uu-</strong></span> 
     </span>
     <span class='ocr_line' id='line_1_46' title="bbox 432 5281 2053 5350; baseline -0.001 -19"><span class='ocrx_word' id='word_1_507' title='bbox 432 5297 511 5332; x_wconf 87' lang='lat' dir='ltr'><strong>meros</strong></span> <span class='ocrx_word' id='word_1_508' title='bbox 531 5284 578 5332; x_wconf 87' lang='lat' dir='ltr'><strong>BV</strong></span> <span class='ocrx_word' id='word_1_509' title='bbox 697 5281 729 5332; x_wconf 76' lang='grc'><strong>24</strong></span> <span class='ocrx_word' id='word_1_510' title='bbox 747 5285 886 5334; x_wconf 72' lang='lat' dir='ltr'><strong>minoribus</strong></span> <span class='ocrx_word' id='word_1_511' title='bbox 905 5284 926 5332; x_wconf 75' lang='lat' dir='ltr'><strong>h</strong></span> <span class='ocrx_word' id='word_1_512' title='bbox 947 5337 949 5342; x_wconf 21' lang='lat' dir='ltr'><strong>f</strong></span> <span class='ocrx_word' id='word_1_513' title='bbox 1038 5287 1114 5348; x_wconf 80' lang='lat' dir='ltr'><strong>gladii</strong></span> <span class='ocrx_word' id='word_1_514' title='bbox 1132 5286 1188 5334; x_wconf 81' lang='lat' dir='ltr'><strong>RV¹</strong></span> <span class='ocrx_word' id='word_1_515' title='bbox 1302 5287 1440 5347; x_wconf 79' lang='lat' dir='ltr'><strong>carthagini</strong></span> <span class='ocrx_word' id='word_1_516' title='bbox 1460 5289 1546 5350; x_wconf 73' lang='lat' dir='ltr'><strong>(euru-</strong></span> <span class='ocrx_word' id='word_1_517' title='bbox 1563 5287 1593 5348; x_wconf 83' lang='lat' dir='ltr'><strong>B)</strong></span> <span class='ocrx_word' id='word_1_518' title='bbox 1616 5285 1739 5347; x_wconf 77' lang='lat' dir='ltr'><strong>Rbltl&#39;p:</strong></span> <span class='ocrx_word' id='word_1_519' title='bbox 1759 5284 1932 5344; x_wconf 78' lang='lat' dir='ltr'><strong>Carthaginem</strong></span> <span class='ocrx_word' id='word_1_520' title='bbox 1953 5284 2010 5332; x_wconf 78' lang='lat' dir='ltr'><strong>Lor.</strong></span> <span class='ocrx_word' id='word_1_521' title='bbox 2030 5289 2053 5332; x_wconf 83' lang='lat' dir='ltr'><strong>et</strong></span> 
     </span>
     <span class='ocr_line' id='line_1_47' title="bbox 431 5368 2051 5436; baseline 0.001 -19"><span class='ocrx_word' id='word_1_522' title='bbox 431 5373 513 5432; x_wconf 65' lang='lat' dir='ltr'><strong>cumo,</strong></span> <span class='ocrx_word' id='word_1_523' title='bbox 534 5368 570 5431; x_wconf 69' lang='lat' dir='ltr'><strong>cs.</strong></span> <span class='ocrx_word' id='word_1_524' title='bbox 586 5371 637 5432; x_wconf 86' lang='lat'><strong>111,</strong></span> <span class='ocrx_word' id='word_1_525' title='bbox 652 5373 687 5420; x_wconf 83' lang='grc'><strong>60</strong></span> <span class='ocrx_word' id='word_1_526' title='bbox 705 5372 758 5418; x_wconf 86' lang='lat' dir='ltr'><strong>suis</strong></span> <span class='ocrx_word' id='word_1_527' title='bbox 777 5373 914 5433; x_wconf 85' lang='lat' dir='ltr'><strong>prouinciis</strong></span> <span class='ocrx_word' id='word_1_528' title='bbox 931 5373 1043 5434; x_wconf 88' lang='lat' dir='ltr'><strong>singulos</strong></span> <span class='ocrx_word' id='word_1_529' title='bbox 1062 5375 1167 5436; x_wconf 86' lang='lat' dir='ltr'><strong>imperat</strong></span> <span class='ocrx_word' id='word_1_530' title='bbox 1186 5375 1295 5422; x_wconf 81' lang='lat' dir='ltr'><strong>reuocari</strong></span> <span class='ocrx_word' id='word_1_531' title='bbox 1397 5379 1497 5424; x_wconf 72' lang='lat' dir='ltr'><strong>renunt</strong></span> <span class='ocrx_word' id='word_1_532' title='bbox 1512 5389 1530 5434; x_wconf 84' lang='lat' dir='ltr'><strong>p</strong></span> <span class='ocrx_word' id='word_1_533' title='bbox 1633 5370 1666 5420; x_wconf 86' lang='lat'><strong>25</strong></span> <span class='ocrx_word' id='word_1_534' title='bbox 1684 5371 1742 5419; x_wconf 89' lang='lat' dir='ltr'><strong>dum</strong></span> <span class='ocrx_word' id='word_1_535' title='bbox 1761 5385 1808 5420; x_wconf 89' lang='lat' dir='ltr'><strong>om.</strong></span> <span class='ocrx_word' id='word_1_536' title='bbox 1830 5370 1900 5418; x_wconf 81' lang='lat' dir='ltr'><strong>BLV</strong></span> <span class='ocrx_word' id='word_1_537' title='bbox 2003 5384 2051 5419; x_wconf 90' lang='lat' dir='ltr'><strong>nou</strong></span> 
     </span>
     <span class='ocr_line' id='line_1_48' title="bbox 431 5456 2051 5521; baseline -0.001 -18"><span class='ocrx_word' id='word_1_538' title='bbox 431 5456 561 5504; x_wconf 79' lang='lat' dir='ltr'><strong>blanditiis</strong></span> <span class='ocrx_word' id='word_1_539' title='bbox 579 5456 700 5518; x_wconf 75' lang='lat' dir='ltr'><strong>uturp.-</strong></span> <span class='ocrx_word' id='word_1_540' title='bbox 726 5458 775 5506; x_wconf 84' lang='lat' dir='ltr'><strong>iam</strong></span> <span class='ocrx_word' id='word_1_541' title='bbox 793 5458 923 5508; x_wconf 87' lang='lat' dir='ltr'><strong>blsndltiis</strong></span> <span class='ocrx_word' id='word_1_542' title='bbox 941 5459 1049 5508; x_wconf 78' lang='lat' dir='ltr'><strong>Rniuuri</strong></span> <span class='ocrx_word' id='word_1_543' title='bbox 1170 5459 1203 5509; x_wconf 80' lang='lat'><strong>26</strong></span> <span class='ocrx_word' id='word_1_544' title='bbox 1221 5467 1324 5509; x_wconf 87' lang='lat' dir='ltr'><strong>mortem</strong></span> <span class='ocrx_word' id='word_1_545' title='bbox 1343 5459 1445 5521; x_wconf 76' lang='lat' dir='ltr'><strong>Buvp:</strong></span> <span class='ocrx_word' id='word_1_546' title='bbox 1467 5465 1545 5507; x_wconf 89' lang='lat' dir='ltr'><strong>morto</strong></span> <span class='ocrx_word' id='word_1_547' title='bbox 1564 5459 1584 5506; x_wconf 82' lang='lat' dir='ltr'><strong><em>L</em></strong></span> <span class='ocrx_word' id='word_1_548' title='bbox 1602 5463 1625 5506; x_wconf 78' lang='lat' dir='ltr'><strong>at</strong></span> <span class='ocrx_word' id='word_1_549' title='bbox 1643 5460 1717 5516; x_wconf 78' lang='lat' dir='ltr'><strong>crslgo</strong></span> <span class='ocrx_word' id='word_1_550' title='bbox 1838 5456 1870 5506; x_wconf 74' lang='lat'><strong>28</strong></span> <span class='ocrx_word' id='word_1_551' title='bbox 1889 5457 1979 5504; x_wconf 86' lang='lat' dir='ltr'><strong>iterum</strong></span> <span class='ocrx_word' id='word_1_552' title='bbox 1999 5457 2051 5518; x_wconf 81' lang='lat' dir='ltr'><strong>up:</strong></span> 
     </span>
     <span class='ocr_line' id='line_1_49' title="bbox 431 5542 2054 5609; baseline 0.001 -20"><span class='ocrx_word' id='word_1_553' title='bbox 431 5544 508 5603; x_wconf 86' lang='lat' dir='ltr'><strong>igitur</strong></span> <span class='ocrx_word' id='word_1_554' title='bbox 525 5543 579 5602; x_wconf 82' lang='lat' dir='ltr'><strong>BV,</strong></span> <span class='ocrx_word' id='word_1_555' title='bbox 599 5542 690 5593; x_wconf 81' lang='lat' dir='ltr'><strong>om.L</strong></span> <span class='ocrx_word' id='word_1_556' title='bbox 793 5547 946 5607; x_wconf 87' lang='lat' dir='ltr'><strong>iubeutnrp</strong></span> <span class='ocrx_word' id='word_1_557' title='bbox 1066 5543 1098 5594; x_wconf 81' lang='lat'><strong>29</strong></span> <span class='ocrx_word' id='word_1_558' title='bbox 1116 5545 1270 5608; x_wconf 82' lang='lat' dir='ltr'><strong>dissiparunt</strong></span> <span class='ocrx_word' id='word_1_559' title='bbox 1287 5547 1325 5609; x_wconf 86' lang='lat' dir='ltr'><strong>Bp</strong></span> <span class='ocrx_word' id='word_1_560' title='bbox 1428 5551 1551 5593; x_wconf 77' lang='lat' dir='ltr'><strong>restaurat</strong></span> <span class='ocrx_word' id='word_1_561' title='bbox 1569 5542 1623 5592; x_wconf 77' lang='lat' dir='ltr'><strong>lll&#39;l</strong></span> <span class='ocrx_word' id='word_1_562' title='bbox 1740 5543 1772 5590; x_wconf 78' lang='lat' dir='ltr'><strong>‘uo</strong></span> <span class='ocrx_word' id='word_1_563' title='bbox 1791 5543 1914 5591; x_wconf 85' lang='lat' dir='ltr'><strong>crudescit</strong></span> <span class='ocrx_word' id='word_1_564' title='bbox 1931 5545 1995 5590; x_wconf 81' lang='lat' dir='ltr'><strong>mei:</strong></span> <span class='ocrx_word' id='word_1_565' title='bbox 2015 5557 2054 5591; x_wconf 84' lang='lat' dir='ltr'><strong>re·</strong></span> 
     </span>
     <span class='ocr_line' id='line_1_50' title="bbox 431 5625 2052 5693; baseline 0.001 -17"><span class='ocrx_word' id='word_1_566' title='bbox 431 5628 556 5678; x_wconf 88' lang='lat' dir='ltr'><strong>crudescit</strong></span> <span class='ocrx_word' id='word_1_567' title='bbox 571 5629 611 5678; x_wconf 79' lang='lat' dir='ltr'><strong>ed.</strong></span> <span class='ocrx_word' id='word_1_568' title='bbox 630 5629 705 5681; x_wconf 79' lang='lat' dir='ltr'><strong>Rutu.</strong></span> <span class='ocrx_word' id='word_1_569' title='bbox 818 5632 850 5682; x_wconf 74' lang='lat'><strong>34</strong></span> <span class='ocrx_word' id='word_1_570' title='bbox 870 5630 1077 5692; x_wconf 75' lang='lat' dir='ltr'><strong>negotiatoresB</strong></span> <span class='ocrx_word' id='word_1_571' title='bbox 1180 5633 1229 5692; x_wconf 87' lang='lat' dir='ltr'><strong>ipsi</strong></span> <span class='ocrx_word' id='word_1_572' title='bbox 1247 5633 1359 5680; x_wconf 87' lang='lat' dir='ltr'><strong>eiusdem</strong></span> <span class='ocrx_word' id='word_1_573' title='bbox 1379 5631 1433 5692; x_wconf 84' lang='lat' dir='ltr'><strong>Rp:</strong></span> <span class='ocrx_word' id='word_1_574' title='bbox 1452 5632 1566 5693; x_wconf 85' lang='lat' dir='ltr'><strong>ipsium.</strong></span> <span class='ocrx_word' id='word_1_575' title='bbox 1586 5630 1607 5677; x_wconf 83' lang='lat' dir='ltr'><em>L</em></span> <span class='ocrx_word' id='word_1_576' title='bbox 1625 5635 1647 5678; x_wconf 84' lang='lat' dir='ltr'><strong>et</strong></span> <span class='ocrx_word' id='word_1_577' title='bbox 1665 5631 1747 5692; x_wconf 65' lang='lat' dir='ltr'><strong>erugo,</strong></span> <span class='ocrx_word' id='word_1_578' title='bbox 1767 5629 1904 5692; x_wconf 84' lang='lat' dir='ltr'><strong>ipsiusdem</strong></span> <span class='ocrx_word' id='word_1_579' title='bbox 1924 5625 2052 5677; x_wconf 79' lang='lat' dir='ltr'><strong>BViuud</strong></span> 
     </span>
     <span class='ocr_line' id='line_1_51' title="bbox 431 5718 1011 5780; baseline 0.003 -16"><span class='ocrx_word' id='word_1_580' title='bbox 431 5720 481 5765; x_wconf 84' lang='lat' dir='ltr'><strong>scio</strong></span> <span class='ocrx_word' id='word_1_581' title='bbox 498 5731 531 5762; x_wconf 80' lang='lat' dir='ltr'><strong>aa</strong></span> <span class='ocrx_word' id='word_1_582' title='bbox 548 5721 619 5776; x_wconf 73' lang='lat' dir='ltr'><strong>recu,</strong></span> <span class='ocrx_word' id='word_1_583' title='bbox 640 5723 667 5766; x_wconf 84' lang='lat' dir='ltr'><strong>nt</strong></span> <span class='ocrx_word' id='word_1_584' title='bbox 681 5721 716 5766; x_wconf 85' lang='lat' dir='ltr'><strong>sit</strong></span> <span class='ocrx_word' id='word_1_585' title='bbox 734 5719 798 5768; x_wconf 76' lang='lat' dir='ltr'><strong>idem</strong></span> <span class='ocrx_word' id='word_1_586' title='bbox 816 5719 880 5780; x_wconf 79' lang='lat' dir='ltr'><strong>quod</strong></span> <span class='ocrx_word' id='word_1_587' title='bbox 897 5718 1011 5768; x_wconf 86' lang='lat' dir='ltr'><strong>eiusdem</strong></span> 
     </span>
    </p>
   </div>
   <div class='ocr_carea' id='block_1_5' title="bbox 0 0 2292 6424">
    <p class='ocr_par' dir='ltr' id='par_1_8' title="bbox 0 0 2292 6424">
     <span class='ocr_line' id='line_1_52' title="bbox 0 0 2292 6424; baseline 0 0"><span class='ocrx_word' id='word_1_588' title='bbox 0 0 2292 6424; x_wconf 95' lang='lat' dir='ltr'><strong> </strong></span> 
     </span>
    </p>
   </div>
  </div>
 </body>
</html>
