4546 6420
462 425 636 490 XXXVIII
1159 425 1389 483 raucuulvu.

462 649 663 716 Putzintulus
686 649 754 734 ipsc
777 648 900 715 fortiter
922 669 1070 735 pugnans
1093 658 1224 717 mortem
1248 651 1479 736 oppetivit²¹⁸J.
1527 649 1592 716 Sed
1614 651 1648 716 in
1670 658 1812 736 tempore
1835 650 2006 732 Iohannes,
2032 651 2089 732 qui

462 769 562 836 altero
592 788 688 834 cornu
718 768 827 836 hostes
854 769 915 834 sibi
937 771 1100 853 oppositos
1122 769 1364 855 profligaverat,
1397 770 1615 837 laborantibus
1638 770 1861 854 subvenit²¹⁹l.
1908 771 1990 836 Tota
2012 777 2088 836 tunc

461 889 641 954 Maurorum
663 888 732 955 acie
754 889 789 953 in
811 887 923 972 fugam
946 909 1099 956 conversa
1115 891 1251 956 Romani
1272 891 1408 957 victores
1431 897 1570 975 stragem
1588 891 1752 974 ingentem
1769 889 1949 958 ediderunt.
1988 891 2088 956 Prae-

460 1016 509 1076 ter
537 1009 618 1074 alios
647 1009 746 1076 duces
775 1008 949 1094 permultos
958 1011 1007 1090 220)
1043 1009 1222 1090 Carcasan,
1260 1010 1488 1076 Marmaridum
1518 1029 1575 1076 rex
1604 1030 1765 1090 summus,
1804 1011 1928 1076 occisus
1959 1017 2008 1076 cst
2016 1011 2084 1094 221).

461 1129 560 1206 Cuius
588 1136 687 1195 morte
717 1131 819 1196 relata
841 1128 1037 1194 Iohannidos
1059 1130 1142 1195 liber
1164 1140 1294 1197 octavus
1315 1131 1350 1196 in
1371 1130 1434 1197 linc
1457 1130 1588 1196 mutilus
1611 1129 1740 1196 desinit.
1787 1130 1853 1196 Sed
1875 1130 2020 1216 Pmcopii
2046 1151 2087 1196 ex

465 1247 606 1316 historiis
637 1248 790 1316 discimus
818 1255 940 1314 tantam
969 1249 1070 1315 fuisse
1100 1249 1279 1316 Maurorum
1309 1251 1452 1333 cladem,
1484 1258 1548 1316 tum
1578 1251 1720 1334 graviter
1747 1271 1855 1316 corum
1884 1251 1970 1316 vires
1998 1250 2090 1316 labe-

461 1369 598 1436 factatas
620 1389 710 1452 esse,
743 1376 778 1435 ut
807 1369 923 1434 multos
950 1390 1009 1454 per
1037 1390 1138 1435 annos
1166 1371 1385 1437 invasionibus
1414 1371 1596 1456 prouincias
1618 1371 1778 1436 Romanas
1799 1391 1918 1438 vexare
1941 1390 2004 1436 nou
2026 1391 2087 1436 au-

461 1491 582 1572 derent,
608 1487 800 1573 Africaequc
823 1489 930 1556 fessae
952 1488 1083 1555 tandem
1104 1491 1278 1574 aliquando
1293 1511 1357 1576 pax
1372 1491 1589 1575 malorumque
1604 1491 1798 1558 intermissio
1812 1487 2084 1575 contugeretwu.

547 1608 706 1676 Iohannes
736 1609 891 1693 magister
919 1629 1019 1676 annos
1042 1617 1125 1677 certe
1148 1610 1318 1676 nonnullos
1340 1611 1540 1696 provinciae,
1574 1631 1669 1694 quam
1691 1610 1830 1676 hostium
1853 1609 2088 1676 incursionibus

459 1729 616 1796 confinuis
646 1729 854 1811 liberaverat,
888 1729 1037 1814 praefuit.
1085 1731 1177 1796 Anno
1201 1730 1286 1796 cuim
1308 1753 1339 1816 p.
1366 1730 1441 1796 Chr.
1467 1752 1499 1796 ιι.
1526 1733 1588 1796 553
1614 1733 1647 1798 in
1671 1731 1852 1796 Sardiniam
1875 1729 2082 1815 pneumatum,

459 1869 541 1933 quae
571 1851 614 1916 ad
636 1849 822 1916 Africanam
853 1849 1026 1916 dioecesim
1056 1849 1250 1935 pertinebat,
1285 1850 1521 1936 expeditionem
1544 1852 1725 1936 suscepisse
1748 1850 1849 1916 fertur
1858 1851 1925 1933 223).
1971 1851 2086 1916 Paullo

459 1977 568 2038 autem
590 1976 818 2055 postmortem
840 1970 958 2036 obiisse
980 1970 1119 2052 ridetur,
1145 1991 1217 2036 curn
1239 1991 1354 2037 nomeu
1376 1971 1446 2038 eius
1467 1991 1571 2053 neque
1594 1972 1673 2038 belli
1696 1971 1822 2037 Gothici
1844 1971 1937 2036 armis
1961 1978 2087 2055 postre-

459 2090 520 2156 mis
541 2110 646 2172 neque
669 2097 780 2174 postea
802 2110 942 2172 unquam
964 2085 1165 2156 memoretur.
1210 2091 1485 2157 verisimillimum
1508 2099 1557 2158 cst
1579 2092 1783 2176 superstitem
1804 2113 1876 2158 eum
1899 2111 1962 2157 non
1984 2091 2086 2156 fuisse

458 2230 542 2276 anno
564 2213 644 2291 562,
671 2230 733 2294 quo
755 2208 884 2276 Africae
906 2230 957 2277 res
982 2209 1087 2277 denuo
1109 2211 1255 2278 turbatae
1278 2220 1361 2278 suut.
1409 2212 1569 2278 Iohannes
1592 2211 1677 2290 enim
1699 2211 1877 2295 Rogatinus
1898 2220 1975 2277 tunc
1997 2209 2086 2276 Afri-

459 2351 517 2396 cae
546 2331 727 2415 praefectus
749 2330 930 2396 Maurorum
960 2351 1070 2415 regem
1099 2332 1251 2398 Romanis
1281 2331 1470 2397 fidissimum
1493 2331 1645 2398 Ousinam
1675 2331 1758 2398 dolis
1787 2332 2036 2396 circumventum
2067 2350 2086 2395 e

459 2450 566 2516 medio
590 2450 720 2516 sustulit
728 2452 793 2534 224).
841 2449 999 2516 Perfidiae
1023 2457 1131 2516 tanme
1153 2452 1274 2517 ultores
1297 2451 1437 2518 Ousinae
1460 2452 1518 2516 tilii
1540 2452 1660 2516 Mauris
1682 2451 1724 2516 ad
1747 2473 1836 2517 arma
1858 2451 1979 2516 vocatis
1998 2449 2088 2515 Afri-

425 2593 426 2602 *
459 2591 529 2636 cam
551 2577 649 2636 totam
673 2544 895 2636 crudelissime
917 2577 1093 2636 vastarunt.
1141 2573 1232 2638 Tunc
1254 2591 1370 2636 novum
1392 2572 1514 2638 bellum
1537 2572 1713 2637 Mauricum
1735 2573 1872 2655 exarsit,
1904 2571 1990 2655 quod
2019 2578 2086 2636 tam

459 2691 543 2756 nralc
566 2711 585 2756 u
609 2690 774 2775 Byzantiis
798 2698 923 2774 gestum
948 2697 1014 2766 est,
1047 2699 1082 2756 ut
1111 2691 1202 2774 regni
1225 2691 1395 2756 Iustiniani
1424 2691 1518 2756 annis
1546 2692 1698 2758 extremis
1721 2693 1763 2758 ad
1786 2693 1915 2757 ultimas
1938 2690 2086 2757 miserias

458 2811 567 2876 Africa
591 2811 868 2892 delabereturfflg..

1153 3197 1399 3296 ruouorss

904 3432 993 3528 DE
1021 3431 1232 3529 BELLO
1261 3431 1639 3532 VANDALIOO

1044 3649 1234 3727 curma
1262 3651 1504 3730 sacroru.

548 3873 693 3959 Procopii
722 3874 755 3938 in
778 3872 860 3938 libro
882 3873 982 3938 altero
1006 3873 1046 3938 de
1069 3873 1155 3940 bello
1178 3873 1355 3940 Vandalico
1378 3895 1450 3941 cum
1473 3883 1538 3942 tota
1561 3869 1630 3943 fere
1651 3873 1846 3941 Iohannidos
1867 3874 2086 3959 interpretatio

461 3983 611 4061 historica
633 3993 772 4073 nitatur,
804 3993 863 4074 iis,
895 3992 949 4076 qui
973 3993 1102 4080 Corippi
1125 3994 1215 4060 libris
1237 4002 1417 4078 uterentur,
1451 4003 1577 4080 gratum
1607 4016 1658 4062 ms
1688 3995 1846 4062 facturum
1868 3995 2086 4061 Mommsenus

459 4113 630 4195 iudicavit,
657 4113 685 4178 si
707 4112 782 4178 huic
804 4112 965 4197 prooemio
988 4113 1133 4198 Procopii
1156 4115 1262 4200 capita
1285 4134 1334 4198 sa,
1361 4134 1443 4198 quae
1465 4115 1528 4180 huc
1549 4117 1720 4200 pertinent,
1747 4114 1958 4181 addidissem.
2005 4113 2085 4182 uum

459 4241 567 4300 autem
596 4253 636 4298 ne
660 4231 837 4298 Bonnensis
866 4233 994 4316 quidem
1026 4232 1122 4299 editio
1152 4253 1256 4317 neque
1282 4234 1590 4320 interpolationibus,
1623 4235 1739 4321 quibus
1760 4235 1835 4301 libri
1856 4239 1953 4300 manu
1975 4235 2087 4319 scripti

460 4354 552 4420 multi
572 4351 731 4437 inquinati
754 4359 844 4435 sunt,
870 4353 998 4419 omnino
1021 4361 1145 4436 careat,
1178 4374 1283 4438 neque
1305 4355 1338 4420 in
1359 4355 1540 4422 nominibus
1562 4355 1700 4441 propriis
1722 4355 1898 4424 scribendis
1921 4354 2000 4422 satis
2023 4355 2085 4422 sibi

461 4479 599 4556 constet,
632 4473 743 4539 ariro
766 4471 876 4554 docto,
909 4473 962 4555 qui
993 4493 1075 4540 nunc
1104 4473 1266 4540 codicibus
1296 4474 1424 4560 optimis
1455 4475 1560 4541 denno
1589 4477 1733 4542 excussis
1754 4449 1899 4561 Procopii
1921 4476 2012 4542 libris
2034 4497 2087 4541 re-

461 4593 630 4660 censendis
659 4614 788 4679 operum
817 4601 931 4676 navat,
967 4593 1126 4660 Guilelmo
1156 4593 1284 4679 Meyero
1311 4595 1511 4676 Monacensi,
1547 4603 1582 4660 ut
1611 4616 1628 4662 e
1659 4595 1786 4666 schedis
1814 4596 1900 4678 suiS,
1932 4616 2014 4680 quae
2043 4595 2086 4661 ad

547 4907 604 4969 218)
627 4907 680 4956 Cor.
701 4908 755 4957 lob.
776 4907 838 4954 Vlll
857 4904 1002 4956 tto-leo.

546 5011 603 5072 219)
626 5009 680 5059 Cor.
702 5010 755 5058 lob.
777 5010 839 5060 Vlll
855 5007 1001 5058 tot-472.

545 5112 604 5175 220)
624 5113 723 5161 lordcu.
744 5113 814 5162 Rom.
834 5127 857 5162 c.
872 5111 921 5161 356
940 5111 1053 5161 Momms.
1075 5127 1100 5174 p.
1116 5108 1181 5160 mu
1199 5111 1262 5160 Mur.
1286 5113 1352 5160 ‘unc
1369 5113 1411 5161 dle
1428 5113 1514 5161 decem
1533 5121 1558 5160 et
1577 5119 1672 5176 reptem
1690 5116 1828 5175 praefectos
1845 5115 1965 5174 extinxit,
1986 5129 2086 5176 pecem-

458 5213 509 5265 quc
527 5201 604 5248 totius
625 5199 724 5247 Atrlecs
742 5199 845 5254 invente
862 5197 961 5246 domino
979 5199 1132 5261 impetravit.

544 5302 602 5364 221)
625 5301 681 5351 Cor.
702 5302 756 5351 Iob.
777 5302 839 5349 Vlll
857 5299 1003 5351 ort-ost.
1025 5301 1060 5348 Vl
1081 5299 1224 5350 ist—187.

546 5405 604 5468 222)
625 5406 695 5454 Prcc.
715 5406 741 5454 b.
763 5405 842 5453 vind.
863 5405 888 5452 11
906 5403 939 5454 28
952 5406 995 5454 fin.
1034 5406 1058 5454 b.
1080 5404 1153 5453 Goth.
1175 5405 1211 5453 lv
1232 5404 1272 5454 li.

545 5508 605 5570 223)
626 5507 694 5557 Proc.
716 5508 741 5555 b.
761 5507 837 5554 Goth.
856 5503 893 5555 IV
909 5505 951 5556 24.

545 5611 604 5674 224)
626 5611 679 5662 lob.
700 5610 783 5658 Metel.
804 5609 946 5671 chronogr..
958 5609 1044 5660 XVIII
1062 5626 1089 5673 p.
1108 5609 1168 5662 49⁵.
1188 5611 1238 5660 496
1257 5612 1296 5661 cd.
1318 5613 1394 5664 Diod.

548 5715 607 5779 225)
628 5713 683 5764 Gor.
705 5713 771 5761 lund.
792 5712 888 5761 luctet
909 5711 1019 5764 18-21.
1056 5715 1146 5766 Anser.
1167 5713 1208 5764 37.
