4546 6420
898 395 1126 455 Pnooenlvn.
1682 397 1826 462 XXXIX

202 620 309 706 capita
329 622 388 686 illa
409 621 611 688 emendanda
633 621 845 707 pertinerent,
879 613 1001 690 meeum
1026 622 1287 698 communicaret,
1320 622 1431 706 petivi.
1478 621 1539 699 Qui
1566 629 1655 688 tanta
1681 622 1827 688 liberali-

203 747 270 806 tate
292 741 372 806 mihi
395 761 513 807 morem
536 743 655 826 gessit,
688 748 724 807 nt
748 762 811 808 non
833 743 927 809 modo
950 741 1067 808 menda
1089 741 1248 825 quaedam
1270 742 1405 826 parvula
1427 741 1576 807 editionis
1598 742 1826 808 Dindorfianae

201 867 336 944 notaret,
362 862 421 928 sed
443 862 554 928 horum
577 862 716 949 capitum
740 863 880 930 omniurn
902 864 1048 930 lectionis
1071 861 1258 927 varietatem
1282 862 1400 927 notulis
1422 861 1539 927 criticis
1554 861 1720 941 indicaret,
1746 881 1826 946 quas

202 981 345 1067 Procopii
366 982 467 1048 textni
489 981 610 1048 addere
630 981 709 1048 mihi
731 983 830 1048 lienit.

202 1101 301 1168 Dind.
327 1101 343 1164 I
365 1123 398 1186 p.
425 1104 486 1166 493
531 1102 621 1169 Pron.
647 1103 742 1169 deb.
768 1102 874 1168 Vand.
898 1103 930 1167 ΙΙ
957 1106 994 1165 19
1034 1101 1185 1190 Γερμανόν
1214 1103 1248 1168 δέ
1278 1099 1326 1174 Εόν
1356 1127 1387 1166 τε
1418 1097 1576 1188 Συμμάχιρ
1607 1101 1657 1166 καὶ
1687 1103 1826 1190 Δομνίκιρ

357 1219 624 1308 μεταπεμψάμενος
653 1219 793 1308 βασιλεύς
815 1222 973 1306 Σολομῶνι
1003 1214 1091 1296 αὖθις
1121 1216 1239 1288 ἅπαντα
1262 1217 1376 1310 λιβόης
1406 1218 1442 1287 τά
1464 1218 1625 1308 πράγματα
1648 1225 1822 1309 ἐνεχείρισε,

355 1343 598 1428 τρισκαιδέκατον
621 1341 686 1416 ἔτος
708 1339 760 1427 τήν
784 1337 989 1430 αὐτοκράτορα
1012 1343 1091 1429 ἔχων
1114 1339 1232 1430 ἀρχήν·
1257 1339 1424 1430 στράτευμά
1448 1367 1479 1407 τε
1502 1339 1584 1429 αὐτῷ
1597 1340 1826 1430 παρασχόμενος

355 1460 406 1527 καί
436 1456 583 1550 ἄρχοντας
614 1456 722 1536 άλλους
752 1487 783 1528 τε
811 1460 861 1527 καί
885 1459 1049 1549 Ῥουφῖνον
1079 1463 1131 1528 καί
1153 1459 1292 1529 Λεόντιον
1321 1463 1389 1537 τούς
1420 1462 1522 1528 Ζάννα
1551 1468 1602 1529 του
1625 1461 1827 1551 Φαρασμάνου

356 1581 408 1647 καί
433 1579 575 1669 Ἰωάννην
604 1580 653 1648 τὸν
682 1582 869 1648 Σισιννιὸλου
900 1580 974 1648 υἱόν.
1022 1583 1183 1669 capitibus
1212 1585 1242 1648 Π
1268 1589 1318 1650 19.
1345 1588 1386 1648 20
1416 1584 1596 1649 Solomonis
1625 1585 1658 1648 in
1686 1593 1825 1651 montem

201 1723 234 1786 p.
260 1706 318 1766 501
355 1702 527 1768 Aurasium
550 1703 713 1788 expeditio
735 1712 917 1786 enarratur,
951 1724 1016 1785 qua
1044 1704 1180 1770 feliciter
1210 1704 1356 1771 coniecta
1385 1702 1489 1791 Ζάβην
1519 1729 1550 1770 τε
1572 1700 1771 1791 τηνχυίραν,
1805 1699 1824 1790 ἢ

358 1819 431 1909 ὑπὲρ
458 1815 527 1910 όρος
557 1821 589 1887 τὸ
613 1819 764 1910 Αόράσιόν
795 1826 857 1890 ἐστι
881 1822 1072 1910 λίαυριτανία
1100 1848 1132 1889 τε
1160 1839 1179 1910 η
1208 1822 1312 1913 προίτη
1343 1827 1480 1890 καλεῖται
1508 1821 1687 1911 μητρόπολιν
1712 1825 1826 1912 Σίτιφιν

355 1943 487 2028 ἔχουσα,
519 1948 555 2030 τῇ
580 1939 747 2028 Ῥωμαίων
776 1939 856 2031 ἀρχῇ
885 1945 914 2017 ἐς
938 1939 1032 2030 φόρου
1056 1939 1219 2031 άπαχοιγὴν
1241 1941 1490 2032 προσεποιήσατο.
1515 1983 1558 1993 -
1579 1943 1630 2009 καί
1652 1939 1708 2009 ἀπ’
1734 1941 1826 2011 αὐτοῦ

355 2066 461 2151 Λίβυες
485 2057 627 2146 ἅπαντας,
661 2063 691 2128 οἳ
713 2060 881 2148 Ῥωμαίων
910 2061 1054 2149 και-η’κοοι
1083 2057 1176 2150 ἦσαν,
1209 2062 1329 2152 είρηνης
1359 2061 1513 2152 ἀσφαλοῦς
1539 2062 1677 2152 τυχόντες
1699 2065 1750 2131 καί
1773 2071 1825 2150 τῆς

355 2185 532 2268 Σολομῶνος
555 2181 653 2270 ἀρχῆς
675 2179 830 2270 σώφρονός
852 2209 884 2249 τε
906 2183 958 2249 καί
981 2187 1048 2250 λίαν
1072 2187 1211 2272 μετρίας,
1238 2185 1269 2260 ἔς
1291 2211 1323 2251 τε
1345 2183 1378 2251 τὸ
1401 2184 1504 2251 λοιπόν
1526 2189 1669 2270 πολέμιον
1688 2183 1776 2252 οὐδὲν
1793 2189 1824 2250 ἐν

354 2308 397 2392 νῷ
419 2305 550 2390 ἔχοντες,
576 2305 680 2376 ἔδοξαν
704 2301 965 2390 εὐδαιμονέστατοι
988 2304 1066 2370 εἶναι
1089 2302 1253 2393 ἀνθρώπων
1277 2303 1424 2371 ἁπάντων.

441 2429 492 2489 21.
518 2421 650 2512 τετάρτῳ
673 2425 706 2490 δὲ
729 2419 850 2512 ὕστερον
874 2425 1002 2512 ἐνιαυτῷ
1025 2418 1143 2491 άπαντα
1166 2428 1265 2513 σφίσιν
1296 2423 1398 2512 ἀγαθά
1427 2429 1457 2500 ἐς
1486 2424 1655 2493 τούναντίον
1684 2427 1826 2511 γενέσθαι

355 2547 520 2617 ξυνέπεσεν.
568 2547 632 2619 ἔτος
654 2542 713 2632 γάρ
736 2542 864 2633 ἕβδομόν
887 2571 919 2612 τε
941 2544 991 2610 καὶ
1014 2547 1137 2612 δέκατον
1158 2542 1372 2613 ’ίουστινιανού
1389 2548 1536 2633 βασιλέως
1551 2544 1603 2632 την
1620 2543 1826 2634 αὐτοκράτορα

200 2687 231 2752 p.
259 2669 321 2731 502
354 2661 452 2752 ἀρχὴν
482 2665 621 2753 ἔχοντος,
654 2662 754 2753 Κῦρός
784 2691 815 2732 τε
842 2665 894 2732 καί
915 2667 1039 2754 Σέργιος
1069 2669 1098 2732 οί
1127 2663 1253 2754 Βάκχου
1282 2673 1334 2733 τοῦ
1357 2667 1531 2752 Σολομῶνος
1560 2663 1693 2754 ἀδελφοῦ
1721 2670 1826 2741 παῖδες

354 2781 470 2852 πόλεων
498 2792 556 2852 τῶν
585 2789 616 2851 ἐν
640 2781 735 2873 λιβόη
764 2784 835 2872 πρὸς
865 2787 1012 2873 βασιλέως
1043 2779 1148 2874 άρχειν
1171 2787 1298 2875 ἔλαχον,
1334 2787 1548 2861 Πενταπόλειυς
1571 2788 1624 2872 μὲν
1647 2783 1663 2852 δ
1687 2785 1786 2874 Κῦρος
1810 2785 1825 2852 ‘o

353 2904 562 2994 πρεσβύτερος,
589 2903 760 2994 Τριπόλειος
784 2908 816 2972 δέ
839 2908 973 2995 Σέργιος.
1015 2903 1205 2994 λίαυροόοιοι
1219 2909 1252 2973 δὲ
1267 2911 1296 2973 οί
1312 2905 1482 2992 ..stennone
1509 2904 1689 2993 καλοόμενοι
1709 2915 1826 2996 στρατῷ

355 3023 477 3115 μεγάλῳ
501 3031 531 3101 ἐς
553 3027 761 3113 Λεπτίμαηναν
791 3025 876 3094 πόλιν
899 3025 970 3113 παρ’
997 3026 1085 3094 αότὸν
1108 3029 1207 3095 ἵκοντο
1230 3025 1457 3115 ἐπιδρυλοῖνντες
1480 3022 1525 3095 ότι
1548 3025 1585 3113 δὴ
1608 3025 1715 3094 τοότου
1738 3023 1826 3094 ἕνεκα

352 3145 471 3234 ἥκοιεν,
504 3143 584 3222 ’ὅπως
612 3145 628 3214 ό
652 3149 776 3236 Σέργιος
808 3152 891 3236 δῶρα
921 3149 973 3214 καί
1003 3145 1134 3236 ξύμβολα
1164 3151 1248 3236 σφίσι
1271 3147 1306 3214 τά
1329 3145 1510 3234 νομιζόμενα
1533 3145 1602 3221 δοὺς
1624 3145 1678 3234 την
1702 3147 1823 3236 εἰρήνην

352 3265 544 3356 κρατόνηται.
584 3269 730 3336 barbaris
752 3270 915 3336 nobilibus
937 3270 1108 3352 octoginta,
1134 3269 1188 3354 qui
1211 3269 1274 3335 fide
1292 3277 1424 3354 accepta
1438 3270 1472 3333 in
1488 3269 1598 3334 urbem
1613 3269 1821 3353 intraverant,

351 3390 527 3456 intersectis
554 3390 735 3456 Maurorum
766 3391 925 3456 exercitus
953 3391 1063 3456 urbem
1093 3392 1174 3475 petit
1204 3397 1237 3455 et
1258 3397 1332 3456 ante
1354 3397 1464 3476 portas
1486 3409 1558 3455 curn
1580 3390 1732 3456 Romanis
1755 3391 1825 3458 acie

351 3509 502 3594 confligit.

198 3653 230 3715 p.
258 3633 320 3695 503
439 3626 539 3716 χρόνῳ
563 3629 596 3695 δέ
619 3621 739 3716 όστερον
756 3633 784 3695 οί
801 3629 853 3714 μὲν
872 3625 1020 3718 βάρβαροι
1037 3632 1150 3715 μείζονι
1165 3634 1340 3718 παρασκευῇ
1359 3627 1406 3696 ἐπί
1422 3627 1596 3714 Ῥωμαίους
1613 3627 1821 3716 ἐστράτευσαν.

353 3751 476 3836 Σέρηιος
499 3749 532 3815 δὲ
554 3747 636 3836 παρά
660 3751 826 3836 Σολομῶνα
849 3739 898 3816 τόν
922 3753 1004 3816 θεῖον
1028 3745 1156 3836 ἐστάλη,
1187 3746 1239 3838 ἐφ’
1266 3745 1292 3838 ᾧ
1313 3751 1363 3815 καί
1391 3747 1478 3824 αὐτὸς
1502 3751 1614 3835 μείζονι
1637 3756 1753 3837 στρατῷ
1776 3749 1824 3816 ἐπί

352 3867 419 3943 τοὺς
448 3871 609 3954 πολεμίους
639 3868 699 3936 ἴοι·
734 3865 770 3938 οό
795 3869 831 3957 δὴ
856 3872 907 3936 καί
930 3870 1031 3958 Κῦρον
1055 3867 1104 3936 τόν
1127 3867 1258 3958 ἀδελφόν
1282 3865 1379 3957 εὗρεν.
1428 3870 1457 3936 οἳ
1479 3895 1511 3935 τε
1536 3865 1685 3956 βάρβαροι
1706 3874 1737 3945 ές
1760 3869 1823 3936 Βυ-
1884 3887 1886 3894 “

352 3987 452 4063 ζάκιον
477 3987 655 4078 ἀφικόμενοι
677 3995 802 4058 πλεῖστα
825 3997 855 4065 ἐξ
879 3995 1042 4079 ἐπιδρομῆς
1065 3992 1224 4076 ἐληίσαντο
1246 3997 1304 4056 τῶν
1328 3993 1427 4077 ἐκείνη
1451 3992 1590 4077 χωρίων·
1626 3986 1766 4064 Ἀντάλας
1790 3991 1823 4056 δέ

198 4134 228 4198 p.
256 4115 318 4178 504
358 4106 458 4198 (οὗπερ
481 4115 513 4177 ἐν
535 4115 597 4184 τοῖς
619 4112 787 4199 ἔμπροσθεν
815 4109 915 4198 λόηοις
945 4108 1116 4198 ἐμνήσθην,
1149 4107 1201 4177 άτε
1223 4109 1392 4196 Ῥωμαίοις
1422 4115 1526 4176 πιστοῦ
1556 4106 1818 4196 διαμεμενηκότας,

351 4232 403 4296 καί
425 4229 467 4297 δι’
496 4227 567 4298 αότδ
592 4229 683 4316 μόνου
705 4236 736 4298 έν
759 4230 902 4320 Βυζακίιμ
925 4232 1125 4320 Μαυρουσίων
1148 4226 1303 4319 ἄρχοντος]
1336 4224 1396 4317 ἤδη
1424 4231 1579 4316 Σολομιῖινι
1607 4232 1821 4316 ἐκπεπολεμω-

352 4353 439 4437 μένος
461 4347 633 4438 έτόηχανεν,
659 4347 706 4418 ότι
727 4377 759 4418 τε
781 4350 834 4426 τάς
856 4349 996 4439 σιτήσεις,
1025 4353 1072 4427 αίς
1096 4350 1184 4419 αὐτόν
1207 4349 1346 4440 βασιλεὺς
1365 4347 1544 4436 ἐτετιμήκει,
1572 4351 1715 4435 Σολομῶν
1732 4347 1820 4438 άφεί-

351 4477 418 4538 λετο
446 4473 498 4538 καί
525 4470 574 4537 τόν
604 4469 733 4559 ἀδελφόν
763 4470 812 4538 τόν
837 4470 928 4539 αὐτοῦ
950 4475 1076 4554 ἔκτεινε,
1107 4470 1244 4561 ταραχὴν
1267 4469 1358 4538 αότοῦ
1380 4497 1446 4537 τινα
1470 4475 1499 4544 ἐς
1522 4469 1715 4556 Βυζακηνοός
1737 4497 1821 4558 ηινο-

352 4596 442 4679 μένην
466 4589 651 4679 ἐπενεγκιόν·
680 4590 745 4659 τότε
767 4595 869 4679 ηοῦνῖ)
895 4590 1015 4668 τοότους
1034 4591 1175 4667 Ἀντάλας
1197 4591 1264 4666 τούς
1287 4590 1459 4680 βαρβάρους
1483 4585 1609 4677 άσμενός
1632 4615 1664 4656 τε
1686 4590 1748 4657 εἶδε
1770 4593 1822 4657 καί

350 4711 516 4802 ὁμαιχμίαν
539 4708 740 4800 ποιησάμενος
762 4713 811 4778 ἐπί
833 4710 999 4800 Σολομῶνά
1021 4739 1053 4780 τε
1075 4713 1126 4779 καί
1149 4711 1337 4801 Καρχηδόνα
1360 4714 1459 4800 σφίσιν
1482 4707 1628 4798 ἡγήσατο.
1676 4711 1820 4797 Σολομῶν

350 4837 394 4917 δέ,
420 4835 485 4900 ἐπεί
507 4837 601 4900 ταῦτα
622 4827 744 4918 ἤκουσε,
769 4834 857 4899 παντί
879 4839 921 4922 τῷ
944 4839 1062 4922 στρατῷ
1084 4828 1160 4922 άρας
1183 4831 1231 4899 ἐπ’
1259 4831 1367 4907 αὐτοὺς
1389 4827 1449 4920 ᾔει,
1474 4832 1526 4897 καί
1544 4829 1726 4920 καταλαβών
1743 4829 1820 4920 άμμί

349 4951 435 5022 πόλιν
458 4953 627 5042 Τεβέσπην,
654 4955 683 5026 ἓξ
704 4951 824 5040 ἡμερῶν
846 4951 910 5042 ὁδῷ
932 4951 1131 5042 Καρχηδόνος
1155 4957 1331 5042 διέχουσαν,
1365 4948 1654 5041 ἐστρατοπεδεόσατο
1678 4949 1765 5027 αιἰτός
1787 4977 1820 5018 τε

349 5077 400 5142 καί
423 5079 451 5141 οί
474 5071 600 5163 Βάκχου
622 5077 674 5139 τοῦ
697 5071 830 5162 ἀδελφοῦ
851 5077 967 5158 παῖδες,
993 5072 1093 5162 Κῦρός
1115 5101 1147 5142 τε
1169 5075 1221 5140 καί
1236 5075 1360 5162 Σέργιος
1382 5073 1435 5139 καί
1457 5074 1598 5159 Σολομῶν
1621 5069 1637 5139 ό
1659 5071 1815 5147 νεώτατος.

349 5199 450 5271 δείσας
478 5221 510 5262 τε
539 5192 572 5262 τό
600 5198 659 5260 τῶν
689 5191 850 5283 βαρβάρων
880 5197 995 5281 πλῆθος
1024 5196 1139 5284 έπεμψε
1168 5194 1250 5283 παρὰ
1278 5199 1334 5260 τῶν
1357 5196 1502 5260 λευαίλιῖιν
1513 5197 1534 5278 ³)
1567 5189 1635 5267 τοδς
1658 5185 1815 5280 ἄρχοντας,

349 5314 537 5405 μεμφόμενος
561 5315 614 5402 μέν
636 5309 682 5381 ότι
705 5314 740 5379 δέ
765 5316 920 5382 ἔνσπονδοι
942 5313 1107 5401 Ῥωμαίων
1136 5309 1218 5390 όντες
1241 5314 1305 5382 εἶτα
1327 5317 1358 5380 ἐν
1380 5307 1484 5388 ’όπλοις
1506 5310 1661 5401 γενόμενοι
1683 5310 1732 5378 ἐπ’
1759 5311 1817 5380 αό-

281 5611 303 5668 lt
324 5607 534 5664 tranctanda.
553 5613 670 5674 plerique,
695 5609 806 5680 λαβοίψαι
823 5627 889 5662 anns
907 5627 919 5660 e
937 5611 1133 5662 deterioribus..
1220 5610 1243 5674 2)
1265 5613 1300 5661 ol.
1320 5606 1373 5662 οὖν.
1481 5611 1503 5670 3]
1526 5603 1652 5670 λευαθιῑιν,
1672 5607 1815 5678 λεβσίνδσιν,

192 5693 327 5764 λεμάνθσιν
346 5699 416 5749 codd.
1701 5701 1703 5707 “
