4508 6434
1168 445 1315 503 commu
1396 523 1397 526 g

817 639 914 727 huius
937 646 969 705 et
991 638 1112 704 auxilio
1135 657 1268 724 sperans
1291 657 1326 702 se
1349 657 1444 722 posse
1466 635 1566 716 tueri,

818 741 1022 827 cornipedem
1044 741 1159 806 infelix
1181 740 1343 824 geminato
1366 741 1505 825 pondere
1529 738 1646 824 pressit

819 845 1017 930 impediens,
1045 852 1240 926 mortemque
1263 843 1325 907 sibi
1346 843 1443 907 miser·
1464 843 1535 928 ipse
1558 841 1699 907 resumit.

820 947 964 1029 quisquis
986 947 1015 1011 is
1039 955 1104 1028 est,
1131 967 1243 1028 quem,
1271 965 1371 1026 vane,
1397 944 1494 1023 colis,
1521 942 1606 1024 quod
1627 943 1777 1026 gentibus
1799 943 1877 1038 illex

821 1049 1034 1133 praesidium,
1061 1070 1143 1133 quae
1166 1047 1267 1131 digna
1288 1048 1346 1114 tibi
1369 1047 1489 1112 solacia
1511 1051 1670 1130 praestat,

712 1176 725 1215 a
821 1151 897 1215 dum
920 1157 954 1215 tu
976 1157 1076 1216 morte
1099 1151 1206 1233 cadis,
1233 1151 1309 1216 dum
1333 1150 1490 1233 frangitur·
1512 1148 1568 1213 ille
1590 1167 1649 1232 per
1671 1148 1793 1228 hostes.

822 1254 897 1319 dum
921 1253 1059 1320 conflant
1080 1253 1217 1319 nitidum
1239 1252 1369 1318 flamma
1391 1255 1535 1318 solvente
1558 1253 1745 1318 metallum?

822 1357 949 1441 Syrtica
971 1377 1028 1442 per
1050 1358 1132 1424 latos
1155 1357 1323 1441 fugiebant
1344 1357 1475 1440 agmina
1496 1377 1644 1442 campos,

822 1481 905 1544 quae
928 1461 1139 1527 circumfusus
1161 1461 1271 1527 densis
1294 1461 1452 1527 exercitus
1475 1460 1572 1525 armis

822 1564 1019 1647 insequitur,
1046 1572 1193 1630 stamens
1214 1563 1314 1629 vadis
1336 1583 1394 1648 per
1415 1563 1512 1628 devia
1534 1563 1621 1628 latis.

824 1687 883 1732 nec
906 1666 1008 1752 potnit
1029 1667 1198 1750 quisquam
1222 1668 1382 1731 Romanos
1404 1666 1488 1731 ferre
1511 1672 1683 1749 sequentes

824 1777 925 1835 morte
948 1770 1075 1853 grauis,
1101 1769 1257 1836 faciamve
1280 1770 1381 1853 fugax
1403 1770 1553 1834 oculosve
1574 1770 1715 1835 retorsit.

825 1873 983 1957 proiciunt
1006 1892 1100 1939 enses
1122 1872 1230 1955 gelido
1253 1879 1372 1938 terrore
1396 1871 1538 1952 subacti,

824 1975 1083 2061 praecipitesque
1108 1977 1237 2041 cadunt.
1284 1974 1372 2040 facili
1395 1975 1459 2040 iam
1482 1976 1582 2041 caede
1604 1983 1778 2042 trementes

826 2077 920 2141 miles
941 2075 1078 2140 acerbus
1100 2075 1180 2159 agit.
1228 2077 1407 2142 Solomonis
1429 2078 1523 2160 signa
1545 2077 1697 2143 retollunt

827 2179 933 2263 prisca
955 2177 1032 2258 viri,
1058 2177 1235 2261 Iemaeque
1258 2179 1354 2244 simul
1378 2179 1505 2262 captiva
1528 2180 1694 2244 reducunt.

778 2275 780 2280 ’
828 2280 957 2346 horrida
980 2301 1037 2365 per
1060 2288 1190 2346 cunctos
1213 2288 1397 2347 sternuntur
1419 2281 1534 2348 funera
1557 2301 1697 2366 campos.

827 2404 885 2469 per
908 2384 1011 2449 valles
1034 2385 1247 2468 scopulosque
1270 2392 1374 2449 ruunt.
1421 2385 1486 2450 iam
1508 2385 1642 2449 flumina
1664 2386 1823 2471 complent

829 2487 1014 2571 corporibus
1037 2486 1166 2569 densis,
1193 2507 1353 2571 supraque
1377 2487 1537 2553 cadauera
1558 2489 1685 2554 calcant

828 2590 1072 2675 quadrupedes,
1098 2589 1291 2672 quassisque
1314 2591 1407 2656 rubet
1428 2591 1511 2655 levis
1534 2592 1655 2674 ungula
1677 2592 1840 2657 membris.

829 2693 907 2758 dant
930 2693 1069 2776 gemitus
1091 2693 1209 2758 miseri.
1257 2694 1389 2776 sanguis
1412 2715 1469 2778 per
1490 2694 1638 2777 gramina
1660 2695 1771 2760 currit.

829 2795 863 2860 in
885 2796 1097 2880 manibusque
1121 2796 1222 2861 virum
1246 2803 1409 2862 concretos
1430 2798 1570 2881 glutinat
1591 2817 1685 2864 enses

829 2919 982 2986 aspersus
1004 2919 1100 2984 super
1122 2919 1212 2964 arma
1233 2919 1335 2964 cruor.
1383 2901 1502 2966 semum
1525 2921 1617 2965 omne
1640 2900 1790 2967 rubescit.

830 3002 978 3068 occubuit
1000 3002 1148 3087 princeps
1171 3003 1272 3068 multa
1294 3002 1376 3068 inter
1398 3004 1489 3069 milia
1511 3005 1614 3069 lema.

831 3105 1059 3171 Marmaridum
1082 3125 1138 3170 rex
1160 3105 1216 3169 ille
1239 3104 1328 3170 ferus
1351 3106 1576 3188 quondamque
1599 3107 1756 3190 superbus

832 3208 999 3275 confossus
1021 3207 1120 3274 iacuit
1141 3207 1257 3273 mediis
1279 3209 1361 3276 bene
1384 3209 1489 3274 nudus
1516 3211 1656 3276 harenis.

918 3312 974 3377 ille
997 3311 1068 3377 dies
1090 3311 1213 3377 cunctis
1236 3331 1404 3395 supremus
1426 3312 1577 3396 gentibus
1599 3320 1702 3396 esset,

833 3415 861 3480 si
883 3435 973 3480 mora
995 3414 1203 3499 praecipitem
1226 3414 1383 3480 tenuisset
1403 3435 1558 3501 prospera
1580 3417 1699 3500 solem,

817 3517 910 3584 iecit
933 3525 967 3583 ut
989 3525 1064 3583 ante
1087 3517 1200 3582 semel.
1247 3517 1311 3582 iam
1333 3518 1463 3601 pronior
1485 3519 1595 3585 ordine
1618 3527 1704 3585 certo

833 3622 923 3701 axis,
949 3619 1147 3686 inocciduis
1170 3639 1365 3685 summersus
1387 3619 1567 3706 flammiger
1589 3623 1701 3700 undis,

835 3734 875 3790 ex
898 3723 999 3789 oculis
1022 3730 1199 3806 gentesque
1222 3723 1300 3804 fuga
1321 3722 1507 3806 bellumque
1529 3727 1669 3791 tenebris

836 3827 970 3911 eripuit,
997 3826 1158 3909 fortesque
1182 3827 1268 3891 acies
1291 3824 1324 3889 in
1347 3833 1453 3893 castra
1476 3828 1614 3895 reduxit.

1108 4019 1405 4028 ——.—.-—-—-—.
1410 4023 1416 4030 ι

890 4231 1052 4388 urana
1084 4230 1301 4329 saxum
1341 4233 1634 4354 (QVINTVS).

927 4445 1070 4511 Victores
1092 4444 1255 4529 placidam
1277 4445 1411 4511 Romani
1433 4453 1525 4512 nocte
1548 4447 1687 4529 quictem

839 4569 904 4614 non
926 4567 1036 4613 omnes
1058 4547 1180 4632 petiere
1203 4548 1318 4633 simul,
1345 4548 1404 4614 sed
1426 4558 1532 4615 eastra
1554 4549 1696 4616 vicissim

840 4657 1031 4717 conservant
1052 4651 1133 4716 lucri
1156 4651 1290 4734 vigiles,
1316 4673 1375 4718 nec
1397 4653 1520 4718 lumina
1542 4653 1706 4719 claudunt.

840 4755 927 4820 laeta
949 4774 1006 4838 per
1028 4753 1191 4819 insomnes
1213 4754 1394 4821 discurrunt
1416 4755 1537 4839 gaudia
1560 4764 1695 4822 mentes.

841 4856 953 4922 militis
974 4855 1120 4923 indomiti
1143 4858 1251 4923 nullus
1274 4866 1346 4943 post
1367 4859 1491 4942 proelia
1513 4859 1664 4925 membris

840 4968 947 5046 torpor
968 4959 1062 5025 inest.
1110 4980 1245 5043 quassos
1267 4961 1369 5027 retieit
1392 4962 1526 5028 victoria
1547 4981 1682 5044 nervos,

840 5065 1053 5148 virtutemque
1074 5071 1172 5129 novat
1193 5072 1306 5149 captae
1329 5084 1403 5150 spes
1426 5065 1538 5132 addita
1560 5066 1719 5151 praedae,

842 5176 874 5235 ct
895 5169 1041 5234 relevant
1062 5167 1186 5232 animos
1208 5166 1265 5233 lidi
1287 5168 1444 5253 promissa
1466 5169 1625 5252 magistri.

526 5415 591 5466 1143
609 5415 725 5476 qalsqnlr
738 5415 759 5462 ls
772 5411 861 5474 Beleia,
880 5411 995 5474 quisquis
1012 5411 1039 5470 T,
1060 5413 1117 5472 quis
1129 5411 1245 5473 quisnam
1259 5409 1336 5462 Maza.
1445 5411 1511 5460 1144
1529 5413 1579 5461 sibl
1592 5413 1690 5461 sollatia
1702 5417 1797 5473 prestat
1814 5411 1834 5458 Τ
1940 5411 2009 5462 1145
2028 5415 2091 5462 dum

454 5509 483 5552 tn
499 5501 587 5560 Musa,
602 5502 712 5562 dumque
730 5499 750 5546 Τ
853 5496 919 5547 1146
938 5499 1046 5546 corrtlant
1058 5499 1151 5560 scripsi,
1166 5499 1257 5546 conflat
1273 5498 1293 5545 Τ
1373 5498 1502 5546 metallum
1516 5497 1606 5558 Maza,
1621 5499 1754 5547 maxillam
1769 5499 1790 5544 Τ
1896 5496 1963 5548 1148
1982 5501 2093 5547 circom-

454 5591 528 5637 lusus
545 5588 566 5635 Τ
655 5584 721 5636 1149
733 5591 849 5634 sternens
861 5583 948 5644 Balcia,
963 5589 1099 5632 externens
1114 5584 1143 5643 Τ,
1159 5589 1254 5631 terreus
1268 5582 1345 5632 Moza.
1446 5583 1507 5632 1151
1522 5585 1604 5644 grauis
1622 5583 1650 5646 Τ,
1664 5599 1753 5645 graues
1764 5585 1851 5632 malim
1938 5585 2043 5633 retorsit
2061 5586 2090 5642 Τ,

455 5674 560 5722 retraxit
569 5673 628 5732 legit
639 5671 718 5722 Musa.
791 5669 857 5720 1152
870 5671 967 5718 subacti
977 5669 1063 5728 Beleia,
1076 5671 1177 5718 subacto
1190 5668 1211 5715 Τ
1283 5668 1348 5718 lloo
1359 5670 1462 5718 miseros
1474 5670 1494 5716 Τ
1565 5669 1624 5719 11111
1639 5677 1768 5719 concretus
1780 5669 1857 5718 illusa.
1930 5671 2059 5728 gluctlnat
2074 5673 2096 5718 Τ

529 5758 538 5808 l
561 5759 663 5805 uictoris
686 5757 706 5803 Τ
809 5756 905 5804 alnon
928 5755 957 5816 Τ,
978 5756 1038 5803 laeti
1056 5763 1082 5803 et
1101 5754 1176 5804 Mors.
