4546 6420
921 395 1150 452 Pseonnlvn.
1747 396 1856 462 XLIII

217 641 250 704 p.
278 621 340 683 532
463 619 514 683 28.
540 618 645 704 γέγονε
672 617 706 683 δέ
736 614 751 683 δ
779 623 832 684 τοῦ
858 617 1003 706 τυράννου
1032 615 1122 706 φόνος
1152 620 1223 706 έκτγγ
1253 618 1305 683 καί
1334 624 1494 707 τριακοστῇ
1525 615 1583 684 άπὸ
1610 619 1661 704 τῆς
1685 619 1855 705 τυραννίδος

375 733 485 824 τίμέρογ,
512 738 616 804 ἔνατον
632 737 824 804 relitteres
841 737 907 813 ἔτος
923 734 1136 804 Ἰουοτινιανοῦ
1151 737 1300 824 βασιλέως
1315 735 1369 825 τήν
1385 736 1592 826 αὐτοκράτορα
1608 736 1705 827 άρχήν
1721 739 1853 828 ἔχοντος.

218 879 250 943 p.
279 859 340 922 533
388 925 392 932 ,
459 853 643 945 Ἀρταβάνης
665 883 698 924 τε
720 860 754 924 ἐκ
776 863 828 926 τοῦΙ
851 858 941 945 ἔργου
963 854 1069 924 τούτου
1092 859 1179 932 κλέος
1201 854 1413 947 περιεβάλλετο
1437 862 1514 946 μέγα
1537 861 1567 933 ἐς
1588 856 1701 933 πάντας
1728 856 1855 947 άνδροί·

374 1004 459 1051 πους.
498 975 549 1042 καὶ
566 975 716 1065 Πρεῖέκτα
740 978 793 1064 μέν
817 974 907 1054 εὐδὺς
930 977 950 1065 ἡ
971 975 1158 1067 Ἀρεοβίνδου
1181 976 1267 1065 γυνή,
1295 974 1435 1064 μεγάλοις
1459 975 1548 1046 αὐτὸν
1571 976 1748 1066 ἐδωρήσατό
1771 979 1855 1068 χρή-

376 1123 466 1182 μασι,
506 1095 647 1186 βασιλεὺς
681 1098 715 1164 δέ
750 1096 914 1186 στρατηγὸν
945 1094 1033 1165 αὐτὸν
1064 1095 1268 1186 κατεστήσατο
1297 1095 1410 1185 Λιβάης
1441 1095 1569 1185 ἁπάσης.
1617 1089 1652 1165 οὐ
1685 1101 1788 1188 πολλῷ
1822 1101 1856 1166 δέ

374 1210 495 1304 ὕστερον
522 1215 704 1306 Ἀρταβάνης
736 1216 789 1305 μέν
820 1220 933 1308 ἕχρηζε
963 1221 1112 1307 βασιλέως
1141 1215 1222 1293 ὅπως
1252 1215 1340 1285 αιίτὸν
1370 1221 1400 1292 ές
1424 1215 1589 1290 Βυζάντιον
1620 1219 1852 1305 μεταπέμποιτο,

377 1336 517 1426 βασιλεὺς
551 1338 584 1404 δὲ
617 1336 678 1424 τήν
705 1341 808 1425 δέησιν
843 1343 964 1425 ἐπιτελῆ
999 1341 1139 1405 ἐποιεῖτο.
1187 1338 1239 1405 καί
1272 1335 1321 1404 τὸν
1353 1335 1538 1426 Ἀρταβάνην
1572 1337 1851 1427 μεταπεμψάμενος,

373 1455 519 1545 Ἰωάννην
548 1455 598 1524 τὸν
623 1455 752 1525 Πάππου
783 1455 914 1546 ἀδελφὸν
937 1456 1094 1546 Λιβάηςίί)
1123 1457 1286 1546 στρατηγὸν
1311 1457 1401 1544 μόνον
1425 1455 1514 1526 αὐτὸν
1536 1455 1751 1545 κατεστήσατο.
1798 1457 1856 1527 οὗ·

374 1605 423 1653 τος
446 1575 507 1662 ὅθί)
537 1573 680 1665 Ἰωάννης
711 1578 774 1646 ἐπεὶ
800 1577 929 1667 τάχιστα
951 1582 983 1644 έν
1007 1577 1104 1667 λιβάη
1129 1576 1260 1666 ἐγένετο,
1291 1575 1416 1665 Ἀντάλη
1438 1603 1470 1644 τε
1492 1579 1544 1645 καί
1567 1579 1772 1667 Μαυρουσίοις
1795 1581 1856 1656 τοῖς

376 1702 407 1764 ἐν
432 1697 575 1786 Βυζακίιρ
604 1703 635 1773 ἐς
662 1701 768 1788 χεῖρας
799 1697 898 1765 stuata
926 1699 977 1766 καί
1004 1697 1088 1789 μάχη
1121 1697 1246 1786 νικήσας
1273 1703 1332 1766 τῶν
1363 1724 1395 1764 τε
1416 1702 1569 1786 πολεμίων
1592 1699 1721 1775 πολλοὺς
1744 1701 1856 1768 ἔκτεινε

374 1819 426 1884 καί
460 1821 573 1904 σημεῖα
604 1815 702 1885 πάντα
735 1818 771 1886 τὰ
802 1819 980 1906 Σολομῶνος
1009 1817 1129 1894 τούτους
1159 1819 1196 1906 δή
1225 1817 1292 1893 τοὺς
1323 1815 1492 1906 βαρβάρους
1520 1815 1705 1907 ἀφελόμενος
1738 1825 1857 1910 βασιλεῖ

374 1937 518 2027 ἔπεμψεν,
552 1933 627 2026 άπερ
659 1936 751 2006 αὐτοῦ
779 1936 957 2027 ληισάμενοι
984 1940 1109 2028 ἔτυχον,
1143 1938 1234 2027 ἡνίκα
1265 1940 1409 2025 Σολομῶν
1440 1943 1470 2012 ἐξ
1500 1937 1665 2028 ἀνθρώπων
1694 1938 1852 2028 ήράνιστο.

376 2056 443 2133 τοὺς
474 2059 507 2124 δέ
539 2056 661 2134 λοιποὺς
691 2057 730 2135 ὡς
759 2058 908 2127 ἀπωτάτω
931 2057 1060 2146 ἐξήλασε
1083 2065 1134 2147 τῆς
1152 2058 1320 2146 Ῥωμαίων
1344 2055 1454 2148 άρχής.
1501 2057 1603 2149 χρόνῳ
1626 2062 1704 2146 iiii)
1733 2056 1855 2149 ὕστερον

375 2182 403 2245 oi
427 2175 565 2246 Αευάδαι
588 2171 676 2254 αὖθις
699 2185 817 2269 στρατῷ
841 2177 964 2269 μεγάλῳ
987 2175 1102 2247 ἐκτῶν
1127 2182 1174 2247 ἐπί
1197 2178 1369 2268 Τριπόλεως
1399 2181 1519 2268 χωρίων
1548 2184 1578 2255 ές
1602 2177 1752 2253 Βυζάκιον
1777 2179 1854 2270 άιρι-

376 2295 498 2384 κάμενοι
519 2303 581 2374 τοῖς
605 2296 682 2388 ἀμφί
704 2298 753 2368 τὸν
775 2297 914 2367 Ἀντάλαν
939 2303 1102 2387 ξυνέμιξαν.
1150 2300 1254 2389 οίσπερ
1278 2298 1423 2386 Ἰωάννης
1446 2296 1629 2374 ὑπαντιάσας
1652 2299 1797 2388 ήσσηδείς
1823 2329 1855 2369 τε

376 2426 412 2507 τῇ
442 2422 573 2508 ξυμβολῇ
601 2421 652 2486 καί
675 2419 804 2495 πολλοὺς
828 2427 886 2485 τῶν
910 2424 939 2486 οί
961 2424 1115 2508 ἑπομένων
1139 2417 1302 2510 άποβαλών
1327 2425 1358 2495 ἐς
1381 2422 1530 2509 ,λαρίβους
1554 2418 1669 2508 φεύγει.
1717 2422 1768 2487 καί
1790 2422 1856 2489 τάτε

377 2538 413 2626 δή
445 2543 473 2606 οἱ
502 2543 641 2626 πολέμιοι
673 2543 763 2629 μέχρι
791 2541 822 2615 ἐς
845 2539 1034 2629 Καρχηδόνα
1063 2539 1214 2628 ξύμπαντα
1245 2543 1444 2616 καταθέοντες
1470 2538 1507 2606 τὰ
1530 2542 1630 2629 ἐκείνῃ
1653 2544 1751 2630 χωρία
1774 2539 1855 2629 άνή-

374 2686 465 2727 κεστα
488 2662 563 2748 ἔργα
579 2664 694 2749 Αίβυας
716 2660 784 2736 τούς
806 2658 1083 2750 παραπεπτωκότας
1106 2660 1295 2750 εἰργάσαντο.
1329 2657 1365 2727 oi
1387 2666 1490 2748 πολλῷ
1513 2662 1546 2728 δέ
1570 2657 1691 2750 ὕστερον
1711 2659 1856 2750 Ἰωάννης
1934 2651 1938 2656 ”

374 2785 434 2846 τῶν
457 2785 646 2869 στρατιωτῶν
668 2780 736 2856 τοὺς
758 2783 1005 2867 περιγενομένους
1030 2778 1167 2870 άγείρας,
1200 2782 1252 2849 καί
1277 2781 1485 2870 Μαυρουσίους
1515 2775 1626 2856 άλλους
1654 2807 1686 2848 τε
1714 2781 1765 2848 καί
1787 2781 1856 2859 τοὺς

219 2923 252 2988 p.
279 2905 341 2967 534
376 2898 454 2989 ἀμφὶ
477 2899 644 2974 Κουτξίναν
675 2903 706 2976 ἐς
735 2903 905 2988 ξυμμαχίαν
933 2899 1156 2990 ἐπαγαγόμενος
1179 2905 1239 2976 τοῖς
1262 2904 1415 2989 πολεμίοις
1438 2905 1469 2976 ἐς
1491 2905 1595 2989 χεῖρας
1617 2895 1696 2989 ήλίλε
1718 2902 1770 2969 καί
1793 2901 1855 2972 αὖ·

367 3019 442 3096 τοὺς
464 3024 498 3088 ἐκ
520 3029 573 3087 τοῦ
595 3019 766 3109 παραδόξου
789 3023 946 3110 ἐτρέψατο.
987 3019 1144 3108 Ῥωμαῖοί
1172 3049 1204 3089 τε
1232 3020 1332 3097 αι’ντοῖς
1362 3019 1506 3111 φεύγουσι
1534 3021 1639 3111 κόσμῳ
1662 3019 1760 3089 οὐδενί
1784 3027 1854 3091 ἐπι-

376 3139 518 3228 σπόμενοι
542 3145 649 3230 μοῖραν
673 3142 726 3229 μὲν
752 3138 851 3210 αὐτῶν
873 3141 987 3230 πολλὴν
1010 3143 1154 3227 ἔκτεινον,
1183 3146 1210 3209 οί
1234 3143 1267 3210 δέ
1290 3144 1389 3210 λοιποί
1412 3148 1443 3218 ές
1466 3149 1518 3230 τῆς
1542 3140 1655 3230 Λιβάης
1677 3142 1730 3218 τὰς
1754 3147 1854 3232 έσχα-

374 3261 439 3337 τιὰς
462 3266 615 3350 διέφυγον.
663 3258 740 3331 οὕτω
770 3287 801 3329 τε
825 3260 946 3351 Αιβάων
975 3265 1036 3338 τοῖς
1065 3265 1320 3350 περιγενομένοις,
1354 3259 1466 3350 ὀλίγοις
1497 3285 1537 3329 τε·
1557 3263 1607 3329 καί
1636 3264 1701 3330 λίαν
1724 3267 1855 3352 πτωχοῖς

375 3375 467 3466 οὖσιν,
494 3381 551 3471 ὀψέ
574 3383 625 3449 καί
650 3380 734 3468 μάλις
757 3380 887 3471 ἡσυχίαν
910 3382 976 3449 τινά
1000 3386 1167 3472 ξυνηνέχθη
1190 3385 1343 3472 γενέσθαι.

1012 3801 1061 3874 ΙΙ.

305 3986 412 4052 Flavii
435 3986 600 4053 Cresconii
615 3985 747 4069 Oorippi
759 3988 777 4068 1)
806 3985 846 4050 de
865 3986 932 4051 vita
946 3985 1141 4071 paucissima
1156 3993 1318 4071 comperta
1333 3986 1501 4052 habemns.
1540 3985 1653 4051 Afrum
1669 3984 1771 4052 fuisse
1787 3992 1820 4052 et
1835 4006 1853 4052 e

219 4104 311 4172 libris
331 4105 435 4191 ipsius
444 4109 466 4191 ²)
494 4113 527 4172 et
541 4125 559 4172 e
574 4104 693 4171 codicis
708 4105 905 4171 Matritensis
919 4097 1137 4192 inscriptione,
1163 4126 1228 4188 qua
1253 4105 1441 4172 ‘Africanus
1456 4105 1698 4190 grammaticus’
1721 4105 1849 4189 dieitur,

218 4211 298 4293 satis
314 4227 428 4293 elucet.
470 4225 707 4291 Grammaticus
729 4232 836 4291 autem
860 4245 932 4291 enm
954 4232 1030 4291 tune
1051 4225 1205 4312 temporis
1228 4245 1291 4291 non
1313 4226 1417 4310 quivis
1438 4225 1535 4291 homo
1556 4224 1715 4292 litteratus
1737 4225 1853 4312 appel-

216 4347 310 4430 letur,
337 4345 396 4412 sed
421 4347 629 4431 ‘praeceptor
650 4344 846 4412 emdiendae
868 4345 1025 4412 iuventuti
1047 4344 1297 4430 praesidens’³)‚
1324 4365 1365 4411 ex
1386 4345 1448 4411 hoe
1466 4347 1563 4413 verbo
1578 4341 1620 4412 de
1635 4352 1750 4431 poetae
1766 4345 1851 4412 vitae

215 4485 335 4550 genere
348 4506 350 4510 -
365 4472 398 4532 et
419 4465 607 4532 condicione
628 4471 752 4532 tantum
775 4465 892 4533 elicere
921 4485 1112 4550 possumus,
1146 4473 1181 4532 ut
1209 4466 1303 4531 nihili
1333 4465 1490 4532 faciamus
1518 4466 1672 4548 notulam,
1705 4486 1789 4550 quae
1817 4466 1851 4531 in

216 4585 325 4653 codiee
354 4586 494 4670 quodam
517 4585 729 4652 Vallieellano
757 4587 899 4671 extat⁴):
937 4585 1134 4652 ‘Concordia
1163 4582 1329 4652 canonum
1357 4605 1378 4650 a
1408 4585 1578 4652 Cresconio
1600 4584 1752 4651 Africano
1783 4585 1853 4670 epi-

216 4725 313 4791 seopo
346 4704 475 4790 digesta
507 4705 567 4771 sub
600 4705 750 4791 capitulis
781 4706 945 4772 trecentis.
1000 4705 1061 4772 iste
1094 4705 1244 4772 nimirum
1278 4704 1468 4772 Cresconius
1502 4705 1589 4772 bella
1621 4712 1654 4770 et
1686 4704 1848 4789 victorias,

215 4843 297 4908 quas
318 4824 480 4892 Iohannes
510 4825 666 4911 patricius
695 4824 784 4911 apud
804 4824 947 4891 Afrieam
977 4825 1018 4891 de
1041 4825 1227 4892 Samaeonis
1253 4825 1371 4909 gessit,
1404 4825 1601 4891 hexametris
1623 4826 1770 4892 versibus
1793 4826 1852 4892 de-

217 4944 345 5031 scripsit
366 4944 458 5011 libris
484 4945 613 5029 [VIIII’.
660 4945 734 5011 Non
764 4965 782 5012 e
811 4951 921 5012 vetere
944 4945 1125 5012 testimonio
1149 4944 1190 5012 de
1213 4945 1384 5011 Oresoouio
1407 4945 1545 5030 Corippo
1574 4945 1656 5012 haee
1684 4963 1847 5029 manasse,
1957 4945 1964 4955 '

302 5153 345 5215 37)
365 5150 465 5222 Λιβύης
483 5150 585 5221 ἁπάσης
603 5153 678 5203 codes
695 5167 772 5204 unus.
879 5153 920 5215 38)
941 5155 975 5203 ul.
997 5150 1158 5204 inmittitur.
1266 5151 1307 5216 39)
1328 5150 1414 5221 χρόνῳ
1433 5150 1461 5204 δέ
1480 5151 1509 5204 ου
1529 5150 1620 5221 πολλῷ
1636 5153 1711 5202 codex
1729 5167 1804 5203 αααε.

302 5238 325 5301 i)
348 5239 498 5289 Cresconius
517 5239 738 5300 rememineritis,
759 5239 906 5290 Grsstonius
925 5243 952 5289 in
969 5239 1041 5289 dorso
1058 5241 1112 5290 cod.
1133 5241 1292 5300 iituuittaui,
1315 5239 1440 5304 Corippus
1458 5240 1696 5303 comminuentis,
1716 5239 1756 5288 Fi.
1777 5238 1850 5288 Cres·

214 5327 302 5375 eonius
320 5325 447 5391 Gorippus
464 5324 519 5376 eod.
533 5325 665 5375 Bosana.

301 5409 327 5474 2)
346 5412 401 5462 Ioh.
421 5413 500 5475 praei.
523 5409 547 5460 1.
567 5409 609 5460 35.
647 5413 737 5462 Anut.
758 5411 799 5461 3⁷.
821 5409 865 5461 38.

299 5496 322 5559 3)
345 5497 406 5547 cod.
428 5495 649 5560 Theomxlfli,
673 5496 714 5547 ii.
739 5496 833 5560 V121,
858 5497 882 5547 1.
919 5491 1269 5562 cm.1ust.127,i,4².

300 5583 326 5644 4)
346 5582 419 5633 Osos.
439 5583 538 5633 Beronit
555 5584 668 5633 Anndes
685 5598 709 5633 κ.
730 5582 779 5633 527
799 5599 825 5632 n.
847 5583 889 5632 76.
927 5585 1063 5647 Foggtuius
1086 5587 1114 5633 in
1138 5585 1259 5633 editionis
1281 5585 1396 5632 librorum
1423 5585 1449 5634 in
1468 5583 1567 5634 leudem
1584 5583 1677 5632 Iustini
1696 5583 1848 5645 praefatione

213 5681 237 5728 ρ.
259 5668 295 5716 Χ]
317 5668 350 5732 (ρ.
372 5669 430 5717 LXI
448 5669 515 5732 apud
532 5669 693 5730 Bouianum).

1607 5767 1640 5822 s}
