4462 6436
1149 419 1375 476 PRAEFATIO.

835 611 937 677 ardua
959 612 1139 697 suspiciens
1162 611 1335 676 minuentis
1357 631 1476 676 cornua
1498 610 1612 690 lunae,

834 715 1083 800 noctivagosque
1106 716 1215 782 colens
1238 722 1395 780 astrorum
1418 713 1556 778 consulit
1577 712 1687 795 ignes,

836 825 991 900 urguetur
1010 827 1129 884 terrore
1152 825 1223 900 tuo,
1251 824 1460 903 properatque
1484 817 1656 902 superbum

834 922 988 988 inclinare
1012 929 1107 1007 caput
1129 922 1336 1004 subiectaque
1359 940 1476 1005 ponere
1499 921 1592 984 colla,

709 1047 739 1084 :a
835 1025 910 1108 quid
935 1026 1074 1109 Libycas
1096 1034 1226 1109 gentes,
1253 1024 1329 1108 quid
1353 1024 1479 1107 Syrtica
1502 1022 1625 1108 proelia
1647 1022 1751 1087 dicam

834 1129 897 1192 iam
920 1130 1012 1194 libris
1034 1130 1193 1213 completa
1215 1128 1317 1193 meisi
1339 1128 1459 1192 maiora
1481 1126 1619 1193 canendi

834 1240 960 1318 tempus
984 1233 1087 1298 adest.
1134 1233 1224 1297 senio
1247 1232 1408 1312 dextram,
1434 1231 1506 1315 pie,
1531 1230 1657 1315 porrige
1681 1230 1775 1296 fesso.

834 1345 868 1401 tu
891 1335 969 1401 mibi
993 1335 1157 1401 materiam
1181 1335 1309 1400 dicendi
1332 1335 1485 1400 carminis
1507 1342 1633 1419 aptam,

834 1438 998 1522 ingenium
1022 1439 1225 1522 studiumque
1248 1438 1351 1503 dabis.
1399 1438 1451 1502 cui
1474 1437 1601 1503 uincere
1624 1437 1674 1503 fas
1697 1443 1746 1502 est

834 1542 1004 1608 indomitas
1027 1549 1141 1626 gentes
1164 1550 1196 1606 ct
1217 1543 1355 1607 barbara
1378 1540 1515 1606 subdere
1538 1561 1655 1625 regna,

835 1647 927 1710 vince
950 1666 1040 1711 meae
1065 1666 1195 1711 saevam
1218 1646 1381 1726 fortunae,
1409 1644 1578 1729 deprecor,
1605 1645 1696 1710 iram.

835 1750 962 1814 vincere
984 1750 1142 1815 fortunam
1166 1750 1247 1834 plus'
1262 1756 1311 1814 est
1333 1770 1428 1832 quam
1452 1749 1579 1814 sincere
1603 1749 1698 1814 bella.

835 1852 974 1918 nudatus
996 1853 1131 1939 propriis
1154 1860 1186 1919 et
1208 1853 1345 1938 plurima
1367 1853 1501 1917 vulnera
1524 1872 1640 1937 passus

835 1959 877 2022 ad
900 1957 1058 2022 medicum
1082 1956 1171 2036 veni,
1198 1957 1345 2041 precibus
1368 1957 1422 2040 pia
1444 1964 1574 2040 pectora
1596 1957 1746 2042 pulsans,

728 2083 740 2120 a
837 2061 879 2125 ad
903 2061 1077 2143 medicum,
1104 2061 1200 2126 verbo
1223 2068 1345 2145 pestem
1368 2060 1421 2141 qui
1445 2061 1611 2125 submovet
1633 2080 1696 2124 uno

798 2163 805 2179 '
837 2173 869 2229 et
892 2165 960 2230 sine
984 2164 1146 2248 conposito
1170 2164 1380 2229 medicamine
1404 2163 1537 2228 vulnera
1560 2171 1658 2228 curat.

837 2268 911 2332 huic
933 2289 993 2350 ego
1016 2268 1161 2347 sananti,
1188 2269 1302 2351 siqua
1325 2273 1373 2331 est
1395 2267 1513 2332 fiducia
1536 2268 1655 2350 servis,

837 2380 944 2454 grates
967 2391 1093 2456 semper
1114 2392 1193 2452 ago,
1220 2380 1252 2436 et
1275 2391 1330 2455 pro
1353 2390 1483 2435 munere
1507 2372 1650 2435 carmina
1672 2379 1770 2455 porto.

1066 2932 1463 3031 PANEGYRICVM

1140 3139 1186 3202 IN
1210 3139 1385 3204 LAVDEM

761 3302 1036 3380 ANASTASII
1063 3302 1380 3396 QVAESTORIS
1408 3305 1475 3378 ET
1503 3302 1762 3380 MAGISTRI.

923 3511 1104 3577 Inmensum
1128 3511 1242 3575 silvam
1264 3511 1412 3593 laudum,
1438 3511 1608 3595 viridate,
1635 3518 1773 3576 tuarum

837 3613 996 3697 aspiciens
1019 3615 1123 3678 celsos
1145 3614 1229 3678 nitor
1250 3613 1433 3697 contingere
1455 3634 1560 3679 ramos

838 3716 1036 3800 grandiaque
1059 3739 1079 3782 a
1103 3718 1234 3782 summis
1257 3717 1428 3802 decerpere
1451 3737 1547 3803 poma
1568 3717 1714 3783 racemis.

837 3820 896 3886 sed
917 3839 1035 3904 parvus
1058 3820 1179 3885 maiora
1201 3828 1289 3904 peto,
1316 3841 1375 3886 nec
1397 3822 1553 3906 prendere
1575 3841 1704 3906 possum

837 3929 1018 3988 mensuram
1041 3923 1202 3988 bansfusa
1224 3944 1344 4004 meam,
1372 3925 1529 4007 longeque
1551 3932 1673 3990 remota

837 4027 976 4112 suspicio
998 4027 1155 4110 mirorque
1178 4027 1305 4108 videns,
1332 4035 1365 4093 et
1386 4028 1518 4093 brachia
1539 4029 1636 4094 tendo

836 4130 957 4212 ingenii
981 4131 1141 4213 studiique
1164 4130 1239 4195 mei.
1286 4139 1350 4196 stat
1372 4131 1488 4196 fertilis
1511 4131 1605 4195 arbor

739 4241 740 4250 ’
836 4253 997 4298 sacrorum
1019 4234 1052 4299 in
1075 4233 1180 4299 medio
1202 4253 1384 4318 nemorum,
1410 4234 1624 4320 pulcherrima
1645 4234 1733 4316 msa,

836 4359 893 4422 per
915 4337 1026 4403 mundi
1047 4337 1187 4423 spatium
1210 4357 1314 4402 ramos
1336 4359 1418 4420 quae
1441 4339 1544 4404 tendit
1565 4359 1699 4422 opacos,

837 4442 992 4507 fructibus
1015 4441 1194 4524 omnigenis
1217 4441 1312 4506 etiam
1336 4441 1404 4506 sine
1426 4450 1568 4528 tempore
1591 4443 1688 4527 plena

837 4552 869 4610 et
891 4565 975 4609 nova
996 4544 1130 4610 maturis
1151 4543 1334 4609 admiscens
1356 4545 1500 4628 germina
1522 4545 1642 4630 pomis,

837 4648 927 4712 cuius
948 4668 1032 4732 apex
1055 4647 1171 4712 summi
1193 4647 1349 4731 contingit
1370 4647 1478 4714 sidera
1501 4650 1599 4730 caeli,

837 4759 869 4817 et
890 4751 981 4816 radix
1004 4751 1044 4816 de
1067 4750 1153 4816 fonte
1177 4751 1271 4832 bibit,
1298 4752 1460 4835 sacrisque
1483 4752 1610 4820 fluentis

836 4854 990 4938 expandit
1011 4853 1129 4919 satiata
1151 4873 1273 4936 comas,
1301 4863 1332 4920 et
1354 4856 1465 4921 nubila
1487 4876 1584 4942 supra
1607 4863 1665 4921 est.

519 5185 548 5234 31
571 5186 709 5247 suscipiens
723 5183 752 5230 M
849 5183 880 5232 33
899 5182 1073 5243 terroreliniz,
1088 5189 1154 5232 terre
1168 5183 1195 5230 M
1291 5183 1322 5233 ³7
1342 5187 1501 5248 pieptorrige
1515 5185 1543 5233 M
1633 5184 1666 5235 38
1684 5188 1740 5236 mici
1756 5185 1784 5235 M
1879 5187 1913 5238 40
1932 5193 2037 5241 barnam
2052 5193 2080 5242 M

451 5271 483 5320 42
502 5270 592 5334 quaM
685 5269 792 5318 uellaM
888 5269 920 5319 43
939 5271 1307 5331 uulnernpimimnlepitliuiz
1405 5271 1437 5321 44
1456 5272 1845 5336 uenioBorthXVdp.19‘.>t
1945 5279 2078 5331 t5u01b0

450 5366 546 5421 pestem
565 5359 609 5420 qui
628 5357 700 5418 Ruta,
722 5370 800 5405 ueruo
817 5363 907 5418 petens
925 5358 981 5418 quis
1001 5354 1028 5402 M
1130 5363 1272 5438 summouet
1291 5356 1319 5404 M
1420 5358 1452 5407 47
1473 5360 1584 5407 sanantis
1600 5358 1628 5405 M
1730 5363 1810 5409 seruis
1830 5360 1864 5423 M,
1885 5365 1970 5411 uerbis
1992 5367 2081 5430 Haupt

454 5445 544 5505 Opone.
565 5444 610 5490 111
626 5445 677 5490 626
781 5443 813 5491 48
832 5457 901 5503 agam
920 5442 995 5490 Barth
1015 5442 1086 5488 XXV
1101 5443 1117 5489 6
1133 5457 1159 5503 p.
1176 5443 1242 5490 1995
1346 5449 1415 5506 porto
1435 5443 1470 5506 M,
1490 5459 1563 5506 posco
1580 5447 1637 5504 repa
1655 5444 1728 5508 Ruta,
1749 5460 1846 5507 pascum
1865 5448 1941 5497 Burtb

520 5542 643 5578 sxrnrcrr
655 5541 795 5577 rsarcrrnu
807 5541 871 5575 unsar
884 5540 1061 5575 rsurorrucvu
1074 5541 1187 5574 srvsnsrr
1201 5541 1229 5576 ru
1241 5543 1348 5576 unvanus
1360 5543 1500 5578 anssrasu
1513 5543 1654 5581 eussroars
1667 5545 1699 5578 ar
1711 5545 1837 5580 unorsrar
1852 5533 1886 5596 M,
1907 5535 2077 5597 Panegprieus

450 5619 475 5664 in
496 5617 593 5664 taudem
612 5618 738 5664 donatarii
756 5617 892 5676 quaestoris
911 5623 936 5662 et
955 5615 1063 5673 magistri
1084 5615 1206 5676 Memmi„
1228 5615 1408 5679 Pmtreptieum
1428 5620 1444 5664 i.
1465 5618 1484 5666 l.
1501 5619 1531 5666 Α.
1552 5633 1576 5679 q.
1592 5632 1614 5666 e.
1631 5631 1662 5667 m.
1685 5617 1752 5677 ura,
1774 5619 1906 5668 Dedicatio
1925 5623 2013 5686 aera,
2035 5627 2078 5674 rod

450 5706 500 5751 ium
520 5705 592 5762 dopp.
613 5701 778 5750 commendari
785 5739 791 5762 ,
820 5715 871 5750 oon
895 5701 1004 5748 dedicari
1022 5702 1153 5748 Anactorio
1177 5700 1248 5766 libros
1273 5706 1425 5765 insequentes
1443 5708 1505 5750 reete
1524 5705 1641 5751 intelteait
1779 5705 1893 5754 dbracta
1912 5707 1947 5768 M,
1968 5715 1997 5757 ut
2016 5713 2078 5760 solet

449 5787 631 5850 upulcerrima
650 5787 685 5849 M,
705 5793 733 5835 ut
750 5789 809 5835 rotet
915 5787 944 5836 12
964 5789 1067 5846 contigit
1087 5785 1114 5833 M
1220 5787 1249 5836 13
1269 5791 1331 5836 utbit
1350 5788 1378 5835 M
