4546 6420
428 393 524 458 XXII
1127 391 1358 448 Pnoosnrvrt.

427 615 525 681 aliam
549 615 649 679 ullam
673 615 784 681 urbem
807 615 997 681 Taciensem
1011 617 1080 700 ¹⁰²),
1114 616 1173 681 sed
1194 636 1294 700 prope
1316 616 1420 700 ipsam
1442 617 1552 698 illam,
1586 637 1669 699 qnae
1693 617 1835 684 Siccensi
1863 617 1899 683 in
1928 619 2060 703 regione

428 736 490 802 sita
513 742 609 818 esset,
634 735 810 800 Iohannem
834 741 866 800 et
888 735 1024 800 Stutiam
1047 755 1136 801 arma
1159 736 1361 801 conseruisse
1385 736 1464 801 satis
1488 743 1621 803 constat.

513 889 583 955 lam
613 889 656 955 ad
684 889 789 973 ipsam
820 909 948 974 pugnae
971 889 1217 975 descriptionem
1241 891 1270 954 si
1293 890 1522 972 convertimur,
1556 892 1680 955 nullum
1703 892 1888 977 scriptorem
1912 912 1983 957 cunr
2008 913 2062 957 ce-

428 1009 507 1076 teris
535 1009 662 1075 omnino
693 1009 864 1075 convenire
893 1009 1124 1093 intellegimus.
1173 1009 1330 1094 Corippus
1368 1011 1454 1075 solus
1491 1009 1615 1076 duobus
1653 1012 1786 1096 proeliis
1815 1030 1886 1077 cum
1916 1012 2061 1078 hostibus

428 1129 605 1195 Iohannem
636 1107 776 1196 certasse
806 1133 1034 1212 memoratwh.
1081 1132 1186 1214 Atque
1210 1151 1227 1196 e
1249 1130 1354 1216 priore
1378 1130 1507 1212 quidem
1530 1139 1658 1215 propter
1681 1130 1846 1197 ductorum
1882 1132 2061 1215 (Ariobindi

429 1258 461 1316 et
477 1249 591 1333 Sergii}
619 1248 798 1316 discordias
814 1249 974 1315 Romanos
995 1249 1164 1316 inferiores
1187 1249 1395 1330 discessisse·
1415 1251 1515 1316 altero
1531 1252 1668 1335 primum
1683 1251 1812 1316 Mauros
1828 1252 1957 1336 fugatos
1972 1269 2056 1334 esse,

430 1370 532 1436 donec
547 1369 755 1455 perfugarum
772 1375 886 1434 marrus
903 1369 1007 1435 Statia
1023 1370 1103 1435 duce
1120 1370 1307 1436 accelerans
1322 1391 1465 1455 pugnam
1488 1370 1681 1437 restitueret.
1721 1372 1884 1437 Acerrime
1907 1371 1967 1437 hoc
1982 1391 2060 1437 con-

429 1509 524 1555 cursu
547 1510 741 1573 quamquam
757 1489 880 1555 Stutias
902 1490 972 1574 ipse
991 1489 1144 1554 Iohannis
1166 1490 1286 1574 sagitta
1308 1489 1481 1556 transfixus
1504 1490 1684 1574 cecidisset,
1711 1493 1744 1556 in
1766 1491 1878 1576 fugam
1900 1491 2061 1558 coniectos

429 1629 501 1676 esse
524 1610 702 1692 Romanos,
737 1609 928 1693 fugientium
959 1617 1082 1694 partem
1112 1629 1262 1693 magnam
1284 1610 1380 1676 rivuli
1402 1610 1495 1676 alveo
1518 1611 1677 1676 altissimo
1699 1611 1888 1697 impeditam
1910 1612 2058 1697 periisse.

430 1731 578 1796 Dubitari
600 1731 719 1811 nequit,
746 1729 824 1811 quin
847 1729 992 1794 eiusdem
1014 1728 1074 1794 riri
1097 1728 1131 1794 in
1147 1729 1225 1814 ripis
1240 1730 1416 1795 Iohannem
1433 1730 1546 1796 ducem
1565 1731 1606 1796 ab
1622 1731 1767 1797 hostibus
1782 1750 1970 1816 oppressum
1986 1750 2060 1797 esse

430 1850 589 1935 Corippus
611 1850 799 1932 narraverit,
825 1867 1019 1932 quamquam
1034 1848 1230 1915 Iohannidos
1245 1869 1358 1915 uersus
1373 1851 1426 1916 hic
1453 1851 1511 1932 [ΙΙΙ
1528 1852 1599 1934 201)
1627 1871 1690 1916 non
1705 1852 1801 1936 pauci
1815 1851 2056 1917 interciderunt.

428 1970 624 2036 Iohannidos
647 1971 732 2036 enim
755 1970 903 2035 lacunam
917 1968 1064 2053 Procopii
1086 1968 1166 2034 haec
1189 1970 1287 2035 verba
1309 1971 1503 2036 resarciunt:
1530 1975 1628 2058 χῶρος
1652 1972 1685 2036 δέ
1707 1997 1750 2044 τις
1773 1963 1809 2056 ἦν
1833 1968 1980 2056 κατάντης
2004 1973 2059 2036 ἐν·

427 2091 545 2172 muda,
582 2084 617 2156 αὖ
647 2086 684 2176 δὴ
710 2085 798 2156 αὐτὸν
823 2084 990 2175 ἀποβάλλει
1011 2085 1143 2162 ὀκλάσας
1166 2086 1181 2154 ‘c
1203 2089 1304 2162 ἵππος.
1352 2087 1403 2178 ἐφ’
1425 2083 1462 2156 ’ὸν
1487 2082 1575 2164 αὖθις
1598 2087 1686 2157 αὐτὸν
1711 2088 1918 2179 &subpriorem
1940 2089 2059 2178 πειρώ-

429 2237 515 2297 μενον
538 2209 757 2297 καταλαβόντες
781 2210 810 2274 αἱ
831 2209 970 2293 πολέμιοι
992 2211 1167 2290 κτείνουσιν,
1194 2202 1288 2296 ἄνδρα
1303 2207 1461 2296 γενόμενον
1478 2207 1546 2298 δόξῃ
1562 2237 1595 2277 τε
1617 2211 1669 2277 καλ
1692 2209 1785 2298 ἀρετῇ
1810 2213 1915 2297 μέγαν.
1963 2213 2061 2278 Oete-

427 2353 497 2397 rum
519 2352 584 2397 non
606 2330 729 2396 Stutiae
750 2328 854 2414 ipsius
864 2333 911 2413 ¹⁰⁴]
929 2381 935 2412 ,
966 2330 1025 2395 sed
1046 2330 1131 2395 alius
1154 2330 1327 2415 perfugae,
1353 2331 1505 2415 armigeri
1529 2331 1637 2397 forsan
1660 2332 1856 2414 Statiani¹⁰⁵l
1884 2351 1982 2396 manu
2004 2332 2061 2396 Io-

427 2452 568 2516 hannem
589 2451 729 2516 occisum
753 2469 825 2515 esse
848 2450 995 2535 Procopii
1017 2450 1210 2535 Corippique
1234 2471 1392 2517 consensu
1416 2451 1496 2516 satis
1520 2458 1656 2518 constat.

514 2607 646 2688 Pugnae
669 2604 840 2670 Taciensis
870 2604 959 2670 exitu
986 2605 1131 2670 nuntiato
1161 2625 1233 2670 cnm
1262 2625 1302 2670 ne
1328 2604 1542 2670 Iustinianum
1579 2605 1709 2689 quidem
1747 2607 1861 2672 lateret
1896 2607 2057 2673 exercitus

426 2726 571 2792 Africani
592 2723 726 2810 imperio
749 2723 898 2810 bipartito
920 2725 1116 2809 provinciam
1139 2724 1284 2789 funditus
1306 2723 1416 2810 perdi,
1443 2725 1574 2809 Sergio,
1600 2725 1634 2790 in
1657 2746 1752 2808 quem
1776 2726 1879 2792 cladis
1901 2725 2058 2810 gravissi-

427 2867 500 2912 mae
523 2846 650 2931 culpam
674 2864 784 2910 omnes
808 2845 1019 2926 contulerunt,
1045 2851 1192 2910 revocato
1215 2845 1272 2909 toti
1295 2845 1430 2910 militiae
1445 2845 1618 2912 Africanae
1633 2845 1844 2911 Ariobindum
1867 2819 2058 2929 magistrum

427 2966 594 3052 praefecit.
640 2965 703 3044 Qui
734 2983 833 3030 senex
861 2963 999 3048 ignarus
1029 2985 1069 3030 ne
1100 2985 1229 3032 suorum
1253 2965 1383 3047 quidem
1405 2964 1541 3030 insidias
1564 2966 1772 3051 comprimere
1795 2966 1908 3032 valens
1931 2965 2057 3031 duobus

428 3086 592 3154 mensibus
614 3092 687 3170 post
708 3105 728 3148 a
751 3084 943 3150 Guntarithc
957 3085 1131 3153 Numidiae
1154 3085 1235 3151 duce
1259 3085 1421 3168 seditioso,
1448 3084 1583 3169 imperio
1604 3086 1749 3171 priuatus
1771 3086 2054 3170 obtruncatur¹⁰⁶).

427 3207 641 3273 Gustarithus
669 3225 733 3270 non
762 3203 817 3270 diu
848 3204 1115 3286 dominationem,
1150 3226 1214 3289 qua
1235 3205 1356 3290 potitus
1379 3212 1463 3288 erat,
1497 3205 1609 3271 tenuit.
1658 3205 1834 3272 Tricesimc
1858 3212 1949 3271 sexto
1972 3205 2058 3271 enim

426 3326 607 3412 tyrannidis
630 3325 683 3391 die
705 3325 747 3390 ab
763 3325 925 3390 Artabano
941 3325 1092 3390 Armenio
1113 3325 1197 3391 inter
1219 3345 1331 3391 cenam
1349 3325 1528 3391 trucidatus
1544 3331 1603 3392 est.
1645 3325 1763 3392 Caedis
1778 3333 1939 3392 auctorem
1955 3325 2060 3391 Atha-

427 3448 552 3513 nasium
576 3465 697 3529 senem,
723 3444 849 3511 consilii
871 3451 993 3510 tantum
1016 3445 1195 3510 ministrum
1218 3446 1416 3511 Artabanum
1433 3444 1591 3530 Gorippus
1614 3445 1780 3530 praedicat
1791 3448 1855 3530 ¹⁰⁷).
1895 3448 1938 3511 At
1958 3451 2058 3510 totam

426 3567 579 3634 facinoris
600 3565 731 3631 laudem
752 3566 916 3631 Artabano
939 3565 1117 3648 ceterisque
1133 3565 1294 3631 Armeniis
1308 3565 1481 3650 Procopius
1503 3565 1645 3650 impertit
1657 3568 1720 3646 ¹⁰⁵).
1761 3565 1822 3631 Cui
1845 3566 1873 3630 si
1895 3565 1976 3631 fides
1999 3565 2060 3630 ba-

425 3687 550 3770 benda,
587 3685 805 3764 Athanasius,
842 3685 898 3766 qui
926 3684 1054 3750 Africae
1088 3683 1291 3769 praefectura
1325 3685 1491 3751 functurus
1521 3705 1593 3750 cum
1623 3684 1799 3751 Ariobindo
1828 3685 2057 3769 Carthaginem

425 3809 637 3890 venerant),
671 3805 793 3888 vilique
819 3803 936 3871 deinde
959 3804 1143 3870 adulatione
1166 3824 1187 3868 a
1209 3801 1402 3870 Guntaritho
1423 3803 1593 3889 imperium
1616 3811 1806 3889 usurpante,
1840 3811 1875 3870 ut
1897 3805 1960 3870 sibi
1982 3825 2060 3890 par-

515 4186 571 4247 102)
593 4186 681 4234 Plures
705 4186 818 4234 eiusdem
842 4187 949 4232 nominis
975 4185 1048 4232 urbes
1073 4187 1153 4232 tuisse
1176 4185 1236 4234 iuda
1259 4186 1378 4246 colligas,
1404 4165 1470 4246 quod
1491 4183 1597 4234 ‘Paciae
1616 4181 1769 4245 Montense',
1796 4187 1938 4248 provinciae
1957 4183 2057 4233 Africae

427 4275 607 4336 proconsularis
625 4270 725 4333 oppidi,
750 4272 863 4333 eptacopi
881 4277 1059 4318 memorentur.
1099 4271 1131 4318 ci.
1153 4268 1264 4319 biorceili
1282 4272 1338 4320 Afr.
1359 4270 1417 4321 Chr.
1438 4272 1450 4318 1
1468 4286 1494 4333 p.
1515 4269 1575 4320 ¹296.
1612 4271 1706 4320 Vtrum
1723 4272 1756 4320 ed
1773 4273 1907 4334 oppidum,
1935 4273 2006 4318 cuius
2027 4273 2058 4318 trr

427 4373 484 4420 agro
503 4364 642 4420 pugnatum
661 4363 708 4416 cst,
729 4370 863 4418 cognomen
882 4356 926 4404 hoc
945 4357 1098 4416 pertinuerit
1117 4369 1162 4404 nec
1181 4370 1221 4418 rra,
1242 4370 1333 4418 purum
1351 4362 1457 4405 conatu.

516 4459 572 4520 1031
595 4460 650 4509 Cor.
670 4460 724 4509 lob.
741 4460 776 4507 IV
792 4458 839 4508 103
858 4458 988 4506 ductorum
1006 4460 1091 4516 iussu,
1113 4461 1203 4507 merito
1221 4460 1343 4521 sonisque
1360 4459 1481 4506 Iohannis

857 4549 1011 4605 temptavero
1028 4537 1195 4606 feros'aequis
1214 4557 1263 4592 uon
1281 4545 1395 4606 partibus
1413 4544 1505 4593 hostes.

857 4629 901 4678 sed
919 4631 981 4678 victi
998 4631 1093 4692 petiere
1111 4631 1205 4692 fugam.
1244 4631 1366 4680 discordia
1378 4631 1476 4679 'mentis

857 4715 916 4762 vicit
934 4729 1017 4763 emere
1035 4717 1108 4764 viros.
1147 4731 1235 4765 rursus
1254 4717 1306 4765 dux
1324 4718 1378 4779 lpse
1396 4716 1519 4764 Iohannes

857 4801 928 4862 signa
946 4813 1049 4849 morsus
1067 4802 1157 4849 densos
1175 4802 1244 4850 rudit
1263 4803 1399 4850 moriturus
1417 4803 1445 4849 in
1464 4801 1556 4849 hostes.

516 4904 573 4966 104>
595 4904 660 4952 Vict.
682 4902 804 4952 Tununn.
825 4903 864 4952 ed.
885 4903 998 4952 Ronceiil
1017 4905 1042 4951 11
1060 4917 1085 4965 p.
1106 4904 1164 4954 371.

514 5007 572 5070 105)
593 5007 756 5055 Marcellinus
773 5019 854 5055 comes
872 5005 913 5055 ed.
934 5007 1046 5056 Ronmhi
1066 5007 1090 5055 11
1108 5023 1134 5071 p.
1155 5005 1205 5056 330
1234 5008 1303 5069 ‘poet
1321 5007 1477 5055 consulatum
1495 5006 1583 5054 Basilii
1600 5018 1666 5054 anno
1683 5005 1720 5052 IV
1741 5003 1819 5064 (545).
1858 5005 1887 5052 In
1907 5006 1995 5054 Africa
2013 5007 2056 5054 Io-

426 5108 506 5143 annes
523 5095 629 5143 inruens
647 5104 724 5155 srrper
742 5097 876 5151 tyrannum
895 5091 1007 5140 Stotzsm
1025 5093 1149 5140 interimit
1167 5106 1226 5141 eum
1245 5099 1270 5141 et
1289 5093 1343 5154 lpse
1362 5094 1392 5141 ab
1411 5095 1466 5142 elus
1485 5091 1606 5140 occiditur
1623 5093 1743 5152 armigero
1751 5093 1764 5140 ⁹.

516 5195 571 5258 106]
594 5195 663 5245 Proc.
684 5196 711 5245 b.
732 5195 813 5244 Vrnd.
835 5193 919 5244 1125.
941 5191 983 5243 26.
1022 5193 1077 5243 Gor.
1097 5195 1150 5244 Iob.
1171 5194 1208 5242 IV
1225 5193 1370 5244 nna-226.

515 5298 572 5361 lot)
592 5299 650 5349 (ior.
670 5296 723 5347 Iolr.
744 5296 781 5344 IV
799 5294 945 5346 atr-242.

514 5401 570 5464 108]
592 5401 662 5451 Proc.
682 5402 706 5450 b.
728 5400 810 5448 Vsud.
831 5399 917 5449 1127.
937 5395 980 5449 28.

515 5504 572 5564 1091
593 5505 662 5553 Proc.
682 5505 709 5554 b.
730 5501 805 5552 Goth.
824 5501 901 5552 1122
920 5516 985 5552 enno
1004 5501 1054 5552 539
1073 5503 1241 5553 Athanasium
1258 5501 1347 5552 itallae
1365 5503 1486 5564 praetorio
1503 5504 1659 5566 praetectum
1677 5515 1731 5551 esse
1749 5505 1866 5551 mentun.
1903 5493 2056 5552 'Arcelaca

426 5590 473 5658 pia
492 5586 607 5660 ὕπαρχον
625 5595 676 5640 τῶν
695 5579 888 5646 λνἹταλιώταις
906 5585 1066 5659 πραιτωρλων
1084 5588 1318 5657 καταστησάμενος.
1349 5590 1376 5638 b.
1389 5587 1474 5637 vend.
1488 5587 1559 5637 1111
1577 5583 1620 5646 ξὺν
1632 5584 1703 5654 αὐτῷ
1719 5587 1779 5648 [scit.
1795 5577 2058 5656 'Apecdiabrpl‘hiba-

425 5675 510 5728 adorco
530 5671 646 5746 ὕπαρχον
664 5669 721 5742 ἄρτι
740 5670 766 5732 ἐξ
783 5668 886 5726 Ἰταλῶν
905 5672 1001 5742 dacaru
1020 5671 1122 5726 ἔστελλε
1144 5677 1204 5739 tacit.
1226 5675 1422 5738 Crnhuginem).
