4508 6434
1176 413 1322 468 OORlPPl

846 601 1071 684 arbaricasque
1095 602 1226 668 trahens
1249 621 1399 687 perverso
1422 602 1551 667 numine
1574 611 1695 676 turmas

824 704 942 790 impius
964 697 998 770 in
1020 705 1094 770 latis
1116 706 1287 791 prostravit
1307 705 1440 790 cuspide
1463 706 1596 790 campis.

910 808 974 874 iam
996 815 1122 894 tempus
1143 810 1277 875 miseros
1299 808 1374 875 fatis
1397 809 1557 893 urguebat
1577 809 1721 892 acerbis,

716 955 720 968 ·
823 933 986 996 regnaque
1009 920 1142 978 centeno
1164 932 1338 998 properans
1360 912 1424 978 iam
1447 912 1589 996 fregerat
1609 933 1703 978 anno.

824 1023 900 1082 tuno
920 1016 1058 1101 primum
1081 1016 1115 1082 in
1136 1017 1253 1082 nostris
1275 1017 1371 1082 nrbes
1394 1017 1587 1082 succendere
1610 1017 1703 1083 terris

824 1125 857 1188 et
878 1120 1031 1205 populare
1055 1139 1147 1185 casas
1170 1127 1202 1185 et
1223 1119 1345 1204 campis
1368 1140 1493 1186 currere
1516 1122 1636 1188 Frexes

814 1229 988 1308 coeperat,
1014 1223 1221 1307 infensusque
1244 1241 1342 1289 ausus
1364 1225 1560 1291 committere
1584 1244 1721 1310 pugnos.

823 1326 899 1394 inde
921 1347 1054 1393 movens
1075 1327 1161 1393 vires
1183 1334 1259 1394 tuno
1279 1328 1395 1393 Naffur
1417 1328 1553 1394 anhelus

825 1437 921 1513 atque
944 1431 1030 1497 omni
1052 1430 1093 1496 de
1116 1431 1211 1516 plebe
1233 1431 1318 1497 viros

824 1534 932 1600 vicina
954 1534 995 1600 de
1017 1541 1107 1619 parte
1131 1534 1247 1601 fremit.
1294 1553 1351 1601 nos
1374 1535 1517 1619 linquere
1539 1542 1641 1601 terras

824 1646 857 1705 et
878 1638 990 1704 dulces
1011 1646 1129 1705 terrore
1153 1639 1237 1704 lares
1260 1657 1328 1703 sors
1350 1638 1450 1723 impia
1474 1638 1593 1723 pulsat.

824 1742 926 1808 fervet
947 1741 1067 1827 praedo
1089 1743 1190 1807 ferox.
1237 1741 1335 1806 nullis
1357 1741 1422 1806 ianr
1445 1741 1511 1808 vita
1533 1742 1648 1808 salutis

823 1851 910 1912 certa
933 1845 1022 1911 locis.
1069 1846 1132 1910 acti
1155 1844 1230 1912 fatis
1252 1865 1423 1929 urguemur
1444 1845 1572 1929 iniquis.

697 1969 727 2006 ..a
822 1956 963 2036 tempore
986 1949 1154 2014 Vandaliei
1175 1948 1338 2033 perierunt
1360 1948 1480 2031 gaudia
1502 1949 1592 2032 regni

822 2059 942 2118 nostra.
990 2052 1084 2117 simul
1108 2071 1217 2120 versos
1239 2051 1365 2117 miseris
1388 2059 1463 2117 tunc
1488 2050 1564 2117 llere
1587 2061 1721 2136 penates

822 2155 955 2240 contigit
975 2162 1008 2222 et
1028 2163 1114 2222 tutas
1135 2155 1279 2239 indignis
1302 2175 1455 2239 quaerere
1477 2161 1590 2221 terras.

908 2258 1066 2324 Hildimer
1087 2259 1237 2324 infaustis
1260 2259 1360 2341 gessit
1382 2265 1457 2324 tunc
1479 2259 1602 2344 proelia
1624 2259 1726 2352 signis

821 2362 966 2429 insuetus
990 2363 1131 2428 conferre
1153 2382 1293 2428 manum.
1339 2381 1403 2427 non
1426 2362 1546 2428 viribus
1569 2362 1661 2428 illum

822 2467 967 2546 vincere,
994 2485 1054 2532 nec
1077 2466 1175 2532 tantis
1198 2471 1322 2551 poterat
1344 2484 1530 2531 concurrere
1553 2465 1665 2549 signis.

820 2569 910 2635 illius
932 2568 1068 2634 adverso
1090 2576 1278 2654 rumpuntur
1301 2569 1439 2635 stamina
1461 2568 1526 2634 fato

822 2672 982 2738 montibus
1003 2672 1037 2737 in
1059 2671 1187 2738 mediis.
1233 2691 1329 2738 casus
1351 2672 1429 2755 quid
1450 2679 1549 2738 terret
1569 2672 1720 2756 iniquus?

822 2796 919 2861 saepe
942 2776 1024 2841 irata
1046 2775 1107 2860 piis
1130 2783 1238 2840 servat
1260 2775 1387 2842 fortuna
1407 2781 1569 2841 nocentes.

775 2943 781 2954 ‚
821 2879 1028 2946 constiterant
1050 2900 1123 2945 nam
1146 2879 1239 2963 signa
1261 2879 1346 2964 iugis
1370 2879 1522 2963 silvisque
1546 2880 1696 2965 superba.

712 3005 724 3043 s
821 2983 960 3068 desuper
981 2982 1022 3048 ab
1046 2982 1185 3067 scopulis
1208 2982 1294 3048 acies
1317 2983 1496 3048 vallaverat
1517 2983 1675 3049 hostem>

819 3107 879 3152 nec
901 3105 975 3172 spes
999 3086 1067 3151 ulla
1088 3085 1185 3170 fugae
1208 3086 1344 3171 pressis,
1371 3106 1430 3152 nec
1451 3085 1550 3152 fidere
1573 3089 1686 3154 turbae

817 3210 878 3256 nec
899 3190 997 3256 vitam
1020 3209 1149 3275 sperare
1171 3189 1249 3272 fuit,
1275 3209 1335 3256 nec
1357 3190 1468 3256 sistere
1491 3197 1601 3256 contra

817 3293 882 3359 iarn
906 3300 1060 3379 poterant.
1107 3299 1230 3359 tanturn
1253 3291 1393 3378 scopulis
1414 3292 1560 3360 tardatur
1580 3293 1700 3377 iniquis

817 3396 875 3462 illa
897 3417 1022 3463 manns.
1068 3398 1170 3481 ruptis
1192 3397 1310 3480 tegitur
1332 3416 1412 3480 gens
1433 3396 1534 3482 impia
1556 3397 1661 3480 saxis,
1741 3461 1742 3464 ,

796 3499 958 3566 ινειΙΙίΙηιε
981 3507 1013 3566 et
1035 3501 1145 3566 scissis
1167 3506 1309 3565 muratus
1332 3499 1470 3582 cingitur
1491 3501 1604 3566 hostis.

818 3603 971 3669 silvamm
993 3603 1026 3668 in
1049 3603 1155 3669 medio
1178 3604 1267 3669 locus
1289 3609 1338 3669 est
1359 3624 1588 3688 nemorumque
1610 3606 1788 3689 malignus,

818 3707 958 3790 nudique
980 3707 1135 3792 praecisis
1157 3705 1299 3772 munitus
1321 3705 1455 3791 rupibus
1476 3707 1602 3791 ingens.

817 3810 936 3880 arduus
957 3811 1028 3895 ipse
1050 3810 1127 3876 licet
1148 3829 1332 3892 summoque
1355 3810 1520 3876 cacumine
1544 3810 1658 3878 duetus

818 3912 974 3994 emineat,
1001 3912 1172 3996 densisque
1195 3918 1344 3996 tegantur
1366 3932 1446 3978 saxa
1468 3914 1608 3996 salictis⁷

709 4063 713 4076 .
815 4001 875 4101 per
897 4016 976 4101 iuga
998 4016 1116 4082 siderei
1139 4017 1235 4101 plano
1257 4036 1328 4081 curn
1351 4017 1469 4082 vertice
1492 4017 1597 4102 campi

817 4118 1002 4185 funduntur.
1049 4119 1103 4184 via
1124 4120 1215 4185 nulla
1236 4126 1334 4204 patet.
1382 4119 1438 4184 vix
1460 4121 1591 4204 semita,
1617 4122 1709 4188 tortis

817 4222 958 4306 undique
980 4223 1081 4288 fracta
1102 4222 1183 4304 riis,
1210 4222 1287 4288 celsi
1310 4221 1441 4306 fastigia
1463 4223 1568 4308 campi

818 4326 888 4391 sola
909 4326 1005 4410 capit.
1051 4326 1172 4392 densae
1195 4325 1387 4391 clauduntur
1408 4325 1504 4391 devia
1526 4326 1639 4392 silvae.

902 4428 1061 4495 Hildimer
1081 4435 1117 4494 ut
1138 4435 1268 4513 saeptas
1290 4428 1371 4494 vidit
1392 4429 1567 4495 munimine
1590 4429 1694 4496 fossas

815 4539 911 4615 atque
933 4532 966 4596 in
988 4531 1286 4617 praecipiti,'uullo
1309 4531 1373 4595 iam
1395 4531 1537 4614 tramite,
1563 4553 1691 4617 pugnae

816 4642 901 4701 stare
924 4636 1027 4718 locos,
1054 4654 1187 4700 saevum
1208 4634 1315 4700 timuit
1336 4639 1492 4720 temptare
1514 4637 1679 4721 periclum.

816 4745 892 4804 tuno
915 4739 1001 4804 acies
1023 4738 1160 4822 propriis
1182 4737 1300 4804 densas
1323 4738 1496 4805 consistere
1519 4740 1620 4823 signis

818 4843 889 4926 ipse
910 4843 1017 4922 iubet,
1044 4848 1173 4927 saeptos
1196 4841 1313 4907 dubius
1335 4862 1399 4925 qua
1420 4842 1531 4908 tendat
1553 4843 1586 4908 in
1609 4843 1728 4910 hostes.

815 4946 921 5011 omnia
943 4945 1101 5031 perversis
1123 4946 1256 5011 veniunt
1278 4946 1435 5011 contraria
1457 4946 1544 5012 fatis.

671 5073 719 5113 rra
815 5070 877 5116 axe
898 5069 1048 5135 premens
1070 5048 1210 5115 medium
1232 5049 1381 5116 Phoebus
1402 5049 1466 5114 iam
1490 5050 1641 5135 lampade
1667 5052 1790 5118 caelum

436 5367 442 5376 ,
500 5311 547 5362 182
571 5314 675 5362 numine
704 5313 735 5373 T,
764 5314 863 5361 tramite
882 5311 981 5360 Loebm.
1120 5311 1167 5360 188
1191 5313 1349 5375 infensusque
1370 5312 1390 5359 T
1526 5311 1573 5362 189
1599 5314 1694 5362 ualidos
1717 5318 1774 5361 nme
1799 5316 1865 5362 ulres
1889 5314 1947 5362 add.
1971 5315 2053 5365 Muza.

432 5399 478 5448 190
497 5407 557 5448 turre
569 5401 669 5460 nedngn
681 5398 786 5448 anbelus
796 5403 851 5461 post
863 5399 930 5446 uiros
943 5397 1033 5446 exbibet
1048 5397 1074 5456 T,
1097 5412 1156 5460 quac
1169 5397 1241 5446 uerbo
1253 5412 1265 5446 e
1276 5401 1358 5459 priore
1369 5413 1441 5446 versu
1452 5400 1516 5447 mole
1528 5402 1630 5459 repetito
1642 5399 1730 5448 deleuit
1743 5400 1818 5448 Beklt.
1926 5399 1971 5448 191
1993 5415 2056 5463 pre·

427 5487 633 5540 mitlnlremltl
646 5500 680 5533 m.
694 5488 818 5532 munium
832 5484 858 5544 T,
879 5485 970 5547 premit
984 5483 1059 5534 Mam.
1167 5499 1211 5532 nos
1228 5487 1322 5547 scripsi,
1342 5486 1387 5535 lros
1411 5486 1431 5532 Τ
1536 5485 1583 5534 193
1601 5487 1647 5534 atti
1669 5487 1690 5533 T
1795 5485 1843 5534 196
1861 5486 1936 5534 simol
1954 5489 2053 5548 scripsi,

427 5574 507 5621 semul
525 5573 553 5632 T,
573 5571 651 5621 semel
665 5570 742 5620 Mosa.
831 5570 881 5620 tort
899 5573 1002 5618 uincere
1016 5584 1061 5619 nee
1075 5570 1163 5629 Moza„
1185 5574 1286 5620 nlncere
1300 5579 1343 5621 aut
1360 5572 1386 5633 T,
1408 5575 1521 5621 uinceret
1533 5574 1674 5621 autmolim
1760 5570 1807 5622 211
1827 5577 1944 5632 teguntur
1955 5576 2054 5634 scripsi.

426 5663 546 5719 teguntur
569 5658 589 5704 Τ
690 5656 787 5705 calletis
806 5655 917 5717 Laelrm„
939 5658 1037 5706 relictis
1059 5657 1080 5704 Τ
1182 5657 1231 5707 215
1250 5659 1322 5718 plano
1340 5658 1457 5707 deorsam
1476 5658 1562 5714 Belle..
1582 5659 1697 5720 plenoT
1800 5655 1849 5707 219
1868 5658 1903 5706 nil
1923 5657 2005 5706 dlmer
2024 5665 2056 5708 nt
2082 5673 2085 5680 ’

426 5744 544 5792 settasT
647 5741 695 5790 223
714 5756 764 5803 qur
781 5742 868 5802 Bella,
888 5756 936 5805 quo
958 5743 979 5790 T
