4546 6420
464 407 524 488 nn
1165 423 1395 478 recessurus.

552 651 579 728 4)
609 646 665 711 iol.
692 649 847 708 211--511
869 647 1057 730 panegyrici
1080 646 1182 732 ipsius
1205 647 1275 711 libri
1300 654 1459 730 quattuor.
1505 648 1593 713 luter
1614 647 1725 712 folium
1749 647 1936 712 vicesimum
1959 647 2098 731 primum

464 775 497 834 et
519 767 705 833 vicesimum
730 767 864 832 alterum
894 767 987 850 (127)
1014 766 1134 858 codicis
1156 767 1268 833 lolium
1292 788 1389 832 unum
1412 767 1585 848 intercidit,
1612 767 1698 850 quod
1720 786 1833 832 versus
1855 767 1980 834 circiter
2002 767 2099 852 quin-

465 887 620 971 quaginta
649 894 799 969 quattuor
827 887 1023 952 continuisse
1045 873 1180 952 videtur.
1229 887 1315 952 Inter
1337 907 1450 954 versus
1472 887 1602 985 lurra
1626 894 1659 953 et
1685 891 1743 950 173
1767 887 1889 953 librarii
1911 908 1932 954 a
1953 888 2023 954 folii
2046 883 2098 951 17ἰ

465 1008 585 1092 pagina
613 1008 717 1092 priore
745 1006 788 1072 ad
815 1006 1022 1091 posteriorem
1052 1006 1287 1073 transcedentis
1309 1008 1516 1091 neglegentia
1538 1025 1650 1072 versus
1673 1009 1853 1092 complures
1876 1008 1986 1073 omissi
2009 1015 2095 1073 sunt.

466 1128 605 1193 Lacunis
628 1127 759 1209 ceteris,
793 1147 877 1209 quae
907 1127 940 1191 in
969 1126 1033 1192 tine
1060 1127 1136 1192 libri
1158 1127 1263 1210 quarti
1285 1146 1400 1193 versus
1422 1127 1511 1193 haud
1532 1148 1668 1214 paucos,
1701 1127 1736 1193 in
1765 1129 1872 1194 medio
1902 1129 2098 1213 panegyrico

466 1249 561 1313 modo
584 1247 683 1312 verha
705 1247 850 1330 singula,
885 1246 979 1313 modo
1001 1267 1114 1313 versus
1137 1246 1287 1312 dimidios
1309 1248 1500 1330 hauserunt,
1534 1253 1657 1314 tantum
1684 1269 1747 1313 non
1777 1249 1924 1315 omnihus
1953 1249 2018 1314 iam
2042 1270 2098 1314 cc-

394 1402 400 1414 ·
469 1367 574 1433 dicem
597 1367 819 1451 antiquiorem,
846 1388 864 1433 e
886 1389 949 1450 quo
971 1369 1167 1434 Matritensis
1190 1367 1370 1453 descriptus
1393 1375 1453 1452 est,
1480 1368 1678 1435 deminutum
1700 1368 1804 1435 fuisse
1826 1377 1960 1436 constat.

553 1487 649 1553 Liber
678 1488 873 1553 Matritensis
903 1487 1019 1554 litteris
1049 1489 1255 1573 Visigothicis
1284 1488 1507 1574 pulcherrimis
1536 1495 1665 1574 tamque
1694 1490 1874 1575 perspicuis
1901 1490 2006 1574 pictus
2035 1498 2096 1572 est,

466 1615 509 1686 ut,
535 1607 613 1690 quid
635 1608 785 1673 librarius
809 1603 983 1692 scripserit,
1009 1607 1149 1674 dubitari
1171 1628 1330 1692 nusquam
1352 1610 1456 1695 possit
1477 1609 1539 1674 nisi
1562 1610 1641 1675 locis
1663 1610 1715 1692 iis,
1746 1610 1801 1693 qui
1822 1610 1865 1675 ab
1888 1608 1962 1675 aliis
1984 1618 2100 1694 postea

463 1727 623 1793 immutati
645 1735 728 1794 sunt.
778 1728 892 1793 Manus
915 1727 1001 1793 enim
1024 1729 1217 1795 recentiores
1239 1737 1304 1796 tres
1327 1731 1360 1795 in
1383 1730 1492 1796 codice
1513 1729 1736 1810 inveniuntur,
1767 1750 1851 1814 quae
1881 1728 2035 1796 facillime
2066 1739 2099 1796 et

465 1848 548 1913 inter
570 1867 605 1914 se
628 1853 660 1913 et
681 1868 701 1912 a
724 1848 828 1932 prima
849 1868 946 1913 manu
969 1847 1203 1915 discernuntur.
1252 1851 1298 1916 Ae
1321 1849 1362 1916 de
1384 1850 1480 1915 tertia
1501 1850 1631 1932 quidem
1654 1857 1687 1916 et
1712 1858 1839 1932 quarta,
1874 1851 1990 1933 quihus
2020 1871 2099 1918 con-

466 1968 606 2034 iecturae
629 1967 740 2052 paucis
764 1967 882 2033 codicis
905 1968 983 2034 lucis
1005 1969 1137 2037 additae
1160 1977 1251 2052 sunt,
1282 1969 1511 2036 verbafacere
1533 1970 1621 2036 haud
1643 1971 1916 2055 operaepretium
1939 1979 1999 2037 est.
2048 1973 2099 2037 De

465 2089 624 2171 secunda,
661 2108 744 2172 quae
772 2087 945 2153 violentius
973 2098 1121 2173 grassata
1150 2091 1341 2176 saepissime
1371 2111 1426 2172 ea,
1464 2110 1548 2173 quae
1580 2091 1685 2175 pn'ma
1717 2111 1814 2156 manu
1844 2091 1963 2176 scripta
1991 2100 2093 2174 erant,

464 2207 558 2275 modo
580 2208 687 2275 verbis
709 2208 828 2274 additis
851 2210 1032 2293 complevit,
1058 2210 1153 2276 modo
1174 2210 1369 2292 immutavit,
1395 2209 1490 2276 modo
1512 2210 1611 2277 erasit
1633 2229 1791 2294 erasaque
1813 2212 1992 2296 rescripsit,
2018 2212 2097 2296 quid

464 2328 614 2411 iudicem,
639 2328 780 2395 breviter
801 2348 971 2413 exponam.

551 2450 644 2515 Locis
667 2449 847 2534 plerisque,
881 2469 960 2534 quos
983 2449 1107 2535 tetigit,
1141 2451 1313 2517 secundam
1337 2471 1477 2518 manum.
1490 2473 1598 2518 verum
1621 2452 1793 2518 medellam
1824 2451 1973 2518 attulisse
1998 2453 2099 2518 vesti-

466 2569 530 2653 giis
553 2570 622 2635 eius
645 2570 847 2654 perlustratis
869 2589 963 2635 nemo
983 2570 1182 2638 initiabitur.
1230 2572 1371 2650 Quarum
1401 2572 1660 2638 emendationum
1689 2572 1724 2638 in
1747 2592 1878 2638 numero
1901 2592 2094 2657 quamquam

464 2689 641 2773 permultae
671 2690 795 2772 insunt,
829 2710 909 2773 quas
935 2690 1067 2775 linguae
1090 2691 1226 2758 Latinae
1248 2712 1368 2776 gnarus
1391 2693 1496 2774 quivis
1519 2693 1701 2776 excogitare
1724 2691 1843 2776 potuit,
1877 2698 1951 2758 sunt
1972 2700 2092 2773 tamen,

464 2827 544 2892 quas
573 2829 613 2875 ne
643 2810 753 2894 sagaci
779 2810 909 2894 quidem
931 2811 1062 2895 ingenio
1084 2811 1250 2898 praeditus
1273 2812 1407 2878 clericus
1429 2813 1647 2878 monachusve
1669 2813 1755 2879 ullus
1777 2813 1921 2879 invenire
1944 2813 2094 2879 valuerit.

463 2929 621 3014 Exempla
643 2949 747 3014 pauca
769 2931 870 3015 eligo:
951 2969 954 2976 ·

800 3056 815 3114 l
841 3073 882 3115 m.
1536 3059 1557 3118 2
1580 3076 1619 3116 m.

637 3154 670 3218 Π
694 3157 755 3220 136
777 3154 913 3220 audiunt
1474 3155 1579 3223 audiit
1599 3163 1632 3222 et

693 3259 755 3322 382
779 3265 870 3342 pater
891 3259 942 3324 cui
1474 3259 1557 3344 putri
1579 3260 1633 3343 qui
1723 3319 1725 3322 .

618 3360 668 3425 Ill
713 3363 754 3423 22
776 3367 849 3426 tura
868 3361 953 3428 abea
1472 3370 1544 3428 tura
1567 3364 1667 3429 sabea

714 3465 754 3528 88
778 3484 873 3546 quem
896 3472 987 3550 repta
1472 3487 1535 3548 que
1558 3475 1687 3552 sarepta

696 3568 755 3631 183
779 3567 922 3633 muneris
1472 3569 1616 3635 numeris

693 3673 756 3735 202
779 3690 859 3736 aura
1474 3679 1551 3738 ae'ra

694 3774 755 3837 2811
780 3781 895 3841 cuncta
1474 3775 1580 3841 cincta

630 3863 636 3884 '
694 3881 755 3941 357
778 3878 879 3961 geniti
1472 3886 1586 3962 gentes
1714 3927 1717 3934 -

624 4019 626 4024 ,
693 3983 753 4045 371
781 3980 918 4046 dominis
1472 3981 1565 4049 donis

550 4101 649 4168 Locos
679 4103 761 4168 tales
793 4102 911 4168 codicis
941 4122 1001 4185 ope
1032 4107 1189 4167 correctos
1218 4119 1290 4166 esse
1322 4122 1441 4186 negare
1468 4123 1530 4168 non
1553 4121 1651 4168 ausus
1673 4111 1729 4169 aut
1751 4104 1833 4169 lihro
1856 4123 1953 4168 manu
1977 4102 2095 4187 scripto

466 4218 596 4301 eodem,
631 4241 733 4304 equo
756 4222 954 4288 Matritensis
982 4227 1067 4287 totus
1097 4221 1277 4306 descriptus
1306 4229 1372 4302 est,
1405 4230 1462 4289 aut
1490 4223 1676 4308 apographo
1707 4225 1777 4289 eius
1799 4224 1863 4289 alio
1887 4229 2095 4288 correctorem

405 4397 407 4400 .
465 4360 557 4406 usum
587 4361 660 4408 esse
692 4340 845 4425 suspicor.
893 4342 975 4406 Aliis
998 4341 1084 4406 enim
1107 4340 1301 4408 emendandi
1324 4341 1477 4408 subsidiis
1499 4343 1687 4408 instructum
1711 4364 1783 4409 eum
1806 4363 1869 4408 non
1892 4342 1994 4408 luisse
2019 4342 2097 4408 iude
2165 4357 2167 4362 ·

464 4467 608 4545 apparet,
635 4461 721 4545 quod
742 4462 875 4527 lacunas
897 4461 1034 4527 maiores
1057 4480 1177 4543 omues,
1203 4462 1342 4528 minores
1364 4463 1482 4528 multas
1505 4481 1625 4528 vacuas
1648 4462 1788 4547 reliquit.
1832 4463 1902 4528 Nec
1923 4483 1999 4528 vero
2021 4462 2096 4528 libri

462 4578 551 4645 illius
566 4581 755 4664 antiquioris
770 4582 869 4647 verba
884 4571 1062 4647 restituisse
1078 4589 1234 4648 corrector
1249 4581 1328 4646 satis
1343 4582 1465 4664 habuit,
1486 4581 1543 4646 sed
1559 4601 1618 4648 sua
1633 4582 1812 4648 eruditione
1828 4601 1948 4666 suoque
1962 4582 2095 4668 ingenio

462 4699 635 4782 genuinam
659 4702 834 4766 carminum
858 4701 987 4788 Corippi
1009 4701 1144 4768 formam
1163 4721 1314 4768 revocare
1330 4721 1365 4767 se
1380 4720 1474 4786 posse
1489 4701 1629 4768 confisus
1644 4722 1707 4767 non
1722 4703 1815 4769 modo
1832 4702 2092 4787 orthographiam

463 4819 581 4885 codicis
603 4821 655 4887 hic
677 4820 745 4886 illic
767 4821 964 4904 immutavit,
990 4823 1049 4888 sed
1071 4842 1184 4889 versus
1207 4823 1342 4902 multus,
1372 4841 1452 4905 quos
1475 4823 1604 4888 mutilos
1626 4823 1810 4904 invenerat,
1838 4822 1938 4888 libero
1961 4822 2093 4888 arbitrio

464 4941 616 5025 explevit,
635 4941 727 5025 alios,
745 4961 826 5027 quos
841 4949 1007 5028 corruptos
1023 4941 1186 5026 iudicavit,
1213 4943 1395 5008 coniectura
1410 4942 1548 5009 retinxit.
1590 4943 1672 5010 Sunt
1685 4944 1756 5022 loci,
1784 4943 1900 5026 quihus
1914 4950 2095 5008 commenta

462 5060 532 5126 eius
555 5061 711 5130 facillime
733 5063 969 5148 perspiciantur
991 5069 1221 5147 perspectaque
1244 5064 1461 5147 reprobentur.
1509 5064 1669 5148 Exempla
1692 5063 1853 5130 sufficiant
1875 5065 1974 5129 haec:

794 5189 809 5246 l
836 5206 876 5246 cr.
1274 5189 1297 5248 2
1318 5205 1358 5246 m.
1724 5187 1891 5268 legendum.

567 5286 668 5349 1102
691 5293 724 5352 et
745 5286 860 5352 faciem
883 5287 932 5351 ira
954 5286 1016 5352 loci
1133 5293 1165 5352 et
1186 5284 1301 5352 taciem
1323 5287 1435 5372 iraque
1458 5287 1520 5352 loci
1629 5294 1661 5352 et
1682 5286 1765 5352 facie
1788 5286 1935 5353 miranda
1956 5287 2019 5352 loci
2131 5279 2132 5282 '

498 5453 500 5468 ,
607 5391 667 5453 257
692 5389 778 5456 iaces
1134 5393 1180 5452 ccl
1202 5389 1286 5455 iacet
1628 5389 1715 5455 iaces

606 5496 668 5556 258
691 5500 819 5578 pectore
841 5498 905 5559 toto
1135 5499 1263 5578 pectore
1284 5500 1351 5559 tuto
1628 5498 1756 5577 pectore
1778 5498 1844 5558 toto

606 5598 668 5660 278
691 5603 765 5661 neto
787 5617 866 5661 auro
1133 5603 1227 5662 necto
1249 5617 1326 5663 auru
1605 5593 1702 5662 'neto
1724 5616 1802 5662 auro

607 5701 668 5760 296
691 5698 817 5763 eximiis
1133 5700 1284 5765 extremis
1627 5719 1667 5764 ex
1689 5697 1762 5763 imis
