4508 6434
1195 423 1343 480 COIllPPI

847 634 888 680 en
909 613 1051 699 perfecta
1072 622 1128 681 tua
1150 622 1215 699 est,
1242 616 1410 682 coniuncta
1432 623 1533 698 sorte,
1560 616 1708 682 voluntas

847 717 926 783 dure
948 718 1071 802 magis,
1097 719 1316 802 praedamque
1339 720 1433 785 simul
1456 727 1653 803 mortemque
1676 715 1805 785 secutus

848 819 965 887 linibus
985 842 1006 887 a
1028 821 1159 906 Libycis
1181 823 1303 907 pariter
1324 843 1396 888 cum
1419 823 1516 889 fratre
1539 823 1688 888 recedis'.

932 925 1076 1009 protinus
1097 926 1235 990 adversa
1257 926 1373 992 Oullau
1396 927 1477 1011 petit
1497 926 1617 991 arduus
1640 926 1734 990 hasta

846 1028 1110 1112 persequiturque
1133 1028 1199 1094 diu.
1247 1050 1376 1114 campos
1399 1029 1455 1096 dat
1475 1037 1568 1113 terga
1589 1049 1647 1114 per
1669 1048 1780 1094 omues

778 1219 779 1222 Ἴ
847 1131 978 1197 Maurus
1000 1152 1099 1216 eques
1122 1153 1239 1217 magno
1262 1132 1391 1217 fugiens
1413 1132 1602 1199 conterritus
1624 1133 1727 1198 hoste.

848 1234 983 1318 perfurit
1004 1235 1074 1320 ipse
1098 1255 1254 1320 sequens,
1280 1236 1388 1302 missis
1411 1237 1541 1319 configit
1562 1242 1595 1301 et
1616 1235 1721 1300 hastis

740 1359 752 1396 ⁵
848 1345 941 1422 terga
962 1339 1082 1417 virum,
1109 1341 1290 1424 multusque
1312 1339 1452 1406 infundit
1473 1339 1606 1422 sanguis
1629 1340 1777 1404 harenas.

850 1461 981 1527 corpora
1003 1442 1104 1508 densa
1127 1444 1245 1510 cadunt
1266 1444 1367 1509 latum
1389 1444 1533 1508 revoluta
1555 1462 1613 1528 per
1635 1462 1763 1525 aequor.

849 1552 954 1611 terror
971 1546 1163 1630 Laguantan
1184 1547 1323 1632 impellit
1344 1547 1477 1613 Martius
1499 1547 1635 1613 hostem.

850 1649 981 1732 agmina
1003 1658 1116 1716 cuncta
1137 1657 1286 1717 tremunt.
1333 1651 1458 1716 invadit
1478 1656 1609 1736 pectora
1631 1650 1737 1735 gentis

771 1743 775 1749 “
850 1752 999 1818 insolitus
1020 1753 1136 1820 uirtute
1158 1775 1267 1839 pavor.
1315 1755 1471 1821 mirantur
1492 1760 1525 1820 et
1547 1754 1675 1820 horrent

851 1857 1072 1941 effugiuntque
1095 1857 1210 1924 virum.
1257 1858 1304 1924 sie
1325 1865 1543 1925 contremuere
1566 1864 1728 1924 tonantem

851 1959 984 2026 fulmine
1008 1960 1141 2042 deiecti,
1167 1959 1271 2027 fracta
1293 1962 1434 2040 cervice,
1462 1961 1629 2044 Gigantes.

852 2063 898 2129 sic
920 2065 1060 2130 'l'roiana
1081 2085 1195 2129 manus
1218 2065 1330 2131 fortem
1353 2065 1499 2149 fugiebat
1520 2065 1691 2131 Achillem.

938 2168 1057 2233 Brutcu
1080 2176 1114 2233 ut
1136 2169 1289 2254 expulsas
1311 2169 1434 2254 campis
1456 2169 1521 2234 iam
1544 2175 1668 2234 vertere
1691 2176 1805 2251 gentes

851 2278 942 2354 terga
964 2271 1060 2354 fuga,
1086 2271 1311 2357 insolitumque
1334 2292 1409 2338 suos
1432 2272 1581 2338 hausisse
1602 2271 1747 2338 timorem

852 2375 947 2456 vidit,
974 2382 1007 2441 et
1028 2375 1151 2441 eversis
1173 2377 1260 2442 acies
1282 2376 1490 2442 succumbere
1513 2376 1631 2460 signis,

853 2486 1021 2562 castraque
1043 2485 1114 2545 tuta
1136 2486 1222 2545 metu
1244 2480 1374 2544 Mauros
1396 2479 1515 2546 intrare
1537 2480 1689 2562 fugaces,

852 2583 965 2648 ultima
987 2583 1054 2649 fata
1076 2602 1167 2648 suam
1189 2582 1323 2649 credens
1346 2583 1535 2649 concludere
1558 2583 1656 2650 vitam

854 2693 983 2768 evocat,
1010 2693 1214 2769 errantesque
1236 2686 1370 2769 instigat
1392 2706 1468 2752 voce
1491 2685 1651 2770 cohortes,

853 2789 972 2855 talibus
995 2796 1028 2854 et
1049 2787 1142 2856 dictis
1164 2789 1293 2856 timidos
1316 2790 1359 2855 ad
1381 2789 1468 2856 bella
1490 2789 1625 2857 reducit.

859 2882 894 2957 ‘o
916 2892 1100 2958 miseranda
1121 2913 1252 2976 manus,
1279 2914 1439 2976 nunquam
1462 2914 1545 2978 quae
1568 2895 1652 2960 victa
1673 2893 1822 2975 recessit,

855 2998 939 3062 unde
962 3003 1066 3062 metus
1088 2997 1233 3080 gelidas,
1259 3004 1316 3063 aut
1336 3018 1400 3080 qua
1422 2997 1555 3080 virtute,
1581 3006 1726 3064 catervas

855 3120 930 3166 acer
951 3100 1041 3185 agit?
1085 3101 1297 3185 quisquamne
1321 3101 1399 3184 fuga
1422 3099 1606 3168 defenditur
1627 3102 1713 3166 ista?

855 3212 911 3270 aut
933 3205 1047 3270 castris
1070 3224 1200 3271 securus
1223 3204 1303 3287 en's,
1331 3225 1413 3289 quae
1435 3206 1538 3271 Marte
1560 3205 1726 3290 superbus

854 3315 1003 3393 rapturus
1024 3309 1089 3373 iam
1111 3308 1213 3374 victor
1234 3309 1349 3374 adest?
1371 3323 1456 3391 'qua
1477 3308 1587 3375 territa
1608 3329 1737 3394 pugna,

857 3413 1046 3496 Laguantan
1067 3431 1148 3495 gens
1170 3412 1269 3494 dura,
1295 3411 1382 3495 fugis
1391 3417 1404 3475 l
1446 3433 1509 3495 quo
1531 3411 1699 3483 victusab
1721 3412 1830 3486 hoste,

855 3515 975 3579 Austur
997 3534 1078 3596 equo
1100 3513 1221 3598 fidens,
1247 3521 1338 3580 tanta
1359 3514 1528 3580 formidine
1551 3516 1674 3580 curris?

855 3637 918 3684 non
940 3617 1057 3702 pudet,
1083 3617 1148 3684 heu
1170 3619 1296 3702 miseri,
1323 3619 1445 3704 campis
1469 3618 1607 3684 cessisse
1628 3619 1771 3686 relictis?

856 3742 874 3786 o
897 3721 1013 3787 virtus!
1064 3722 1202 3787 ooorda
1223 3722 1344 3787 virum!
1391 3721 1535 3787 nudosue
1559 3723 1675 3788 reverti

856 3825 1062 3909 desertosque
1086 3824 1186 3891 libet?
1229 3824 1353 3890 calidas
1375 3825 1424 3890 sio
1445 3845 1574 3892 cernere
1597 3826 1708 3910 Syrtes

856 3928 998 3994 vaditis?
1040 3948 1059 3993 o
1081 3927 1220 4011 fugitiva
1242 3948 1374 4008 manus,
1400 3928 1452 3994 vel
1474 3928 1580 4014 prisca
1602 3937 1760 3996 memento

856 4032 945 4097 bella
967 4051 1079 4097 senum
1102 4052 1292 4117 pugnasque
1315 4040 1420 4097 truces
1443 4038 1475 4097 et
1496 4032 1603 4098 nobile
1625 4034 1731 4099 robur.

855 4135 1025 4220 imperium
1048 4136 1153 4201 vicere
1175 4143 1295 4222 patres.
1341 4155 1405 4201 nou
1428 4134 1554 4202 vincere
1577 4145 1701 4202 nostros

857 4238 1073 4305 Maximianus
1095 4257 1190 4320 avos,
1220 4239 1355 4304 Romani
1377 4238 1473 4304 fortia
1495 4240 1587 4323 regni

858 4350 985 4428 sceptra
1006 4349 1136 4424 tenens,
1162 4342 1275 4427 potuit.
1321 4343 1427 4408 turbet
1449 4362 1533 4408 nunc
1555 4343 1686 4426 agmina
1708 4343 1846 4429 perdens

750 4468 762 4506 s
858 4446 1012 4512 militibus
1033 4446 1161 4530 quantis
1183 4454 1238 4511 aut
1260 4467 1325 4529 qua
1346 4467 1418 4511 eum
1441 4447 1536 4531 plebe
1559 4447 1737 4528 Iohannes,

858 4550 1025 4636 respicite,
1053 4557 1085 4616 et
1106 4551 1235 4617 tandem
1257 4548 1373 4615 vestus
1397 4549 1570 4616 succurrite
1593 4551 1702 4617 natis'.

944 4654 1064 4720 talibus
1086 4653 1207 4719 exarsit
1228 4653 1322 4718 dietis
1343 4653 1509 4719 Maurusia
1529 4653 1648 4736 virtus,

859 4763 955 4840 atque
978 4757 1065 4824 acies
1087 4775 1240 4822 conversa
1262 4755 1362 4838 redit,
1392 4777 1597 4841 pugnamque
1619 4757 1753 4822 resumit

860 4861 980 4943 aerior,
1006 4869 1039 4926 et
1060 4860 1168 4927 densis
1191 4860 1359 4926 conturbat
1379 4860 1490 4926 nubila
1511 4860 1597 4927 telis.

860 4964 985 5031 bobine
1007 4963 1094 5029 victa
1114 4965 1192 5029 ratis
1215 4982 1310 5028 cursu
1333 4983 1391 5028 ceu
1415 4983 1513 5049 saepe
1535 4983 1666 5028 recussa

860 5067 962 5134 fertur
982 5068 1017 5132 in
1038 5087 1231 5150 aequoreas,
1257 5069 1375 5133 Auster
1396 5087 1458 5150 quo
1481 5066 1607 5151 dirigit,
1634 5067 1755 5150 undas,

861 5170 937 5236 dum
959 5169 1094 5235 miseros
1115 5172 1244 5237 turbant
1266 5171 1394 5237 infensa
1415 5171 1558 5255 pericula
1580 5176 1711 5248 nautas,

861 5274 974 5340 obvius
996 5280 1103 5359 optato
1125 5275 1234 5342 veniat
1256 5275 1283 5339 si
1305 5273 1435 5340 flamine
1457 5282 1585 5356 ventus,

545 5504 595 5554 788
613 5506 744 5554 coniuncta
762 5507 855 5567 corpor,
876 5509 1010 5551 consancta
1032 5502 1059 5562 Τ,
1080 5507 1225 5562 consumpta
1244 5502 1324 5552 Mora.
1441 5506 1505 5549 sorte
1523 5504 1617 5562 scripsi.
1638 5509 1708 5566 parta
1729 5502 1749 5550 Τ
1870 5501 1919 5552 789
1936 5503 2000 5552 dum
2020 5504 2100 5574 lfosz.

475 5590 525 5641 790
544 5607 558 5639 a
578 5591 666 5653 Mosa„
686 5591 755 5640 ΜΤ
857 5587 908 5638 tou
926 5589 968 5637 dlu
987 5591 1082 5650 sculpsi,
1103 5587 1157 5637 dire
1180 5588 1206 5648 Τ,
1227 5591 1295 5638 ulros
1314 5588 1393 5637 Mora
1500 5586 1549 5636 794
1568 5591 1680 5649 confugit
1698 5595 1725 5638 et
1742 5588 1820 5637 hostls
1844 5589 1864 5636 T
1966 5589 2015 5639 tot
2036 5599 2103 5640 torro

474 5677 642 5739 llsguatanf
746 5675 796 5725 tos
814 5675 949 5738 pettoreT
1053 5673 1102 5723 804
1120 5674 1232 5723 hausisse
1249 5677 1345 5738 scripsi,
1365 5675 1466 5722 auxisse
1484 5674 1511 5732 Τ,
1532 5675 1633 5724 auxisse
1652 5675 1750 5724 Luctm.
1853 5673 1907 5724 813
1925 5689 1991 5737 quse
2010 5677 2100 5736 Belca,

474 5777 548 5826 quonr
571 5763 600 5822 Τ,
620 5776 697 5824 quum
718 5761 795 5810 Mosa.
902 5760 951 5810 814
969 5774 1019 5823 qua
1038 5759 1125 5817 llaec..
1145 5776 1218 5823 quam
1239 5761 1260 5808 Τ
1364 5760 1414 5809 815
1432 5761 1612 5822 larrgustuuT
1714 5759 1764 5810 83²
1782 5761 1919 5809 lulessuf
