4462 6436
447 397 506 456 112
805 345 808 352 Ι
1182 394 1328 448 CORIPPI

508 583 552 646 IV
580 582 749 650 Iustiniani
778 583 896 649 obitum
927 583 1096 649 artificiose
1125 591 1216 668 poeta

444 685 624 768 introducit,
650 693 685 751 ut
700 707 739 751 ex
756 687 901 750 consulto
917 695 1047 752 senatus
1064 687 1217 753 lustinum

444 789 602 854 auunculo
624 789 793 872 condignis
817 788 968 854 laudibus

509 893 536 956 V
559 892 619 958 Vbi
636 893 867 959 conlacrimans
878 893 1019 958 Iustinus
1032 899 1064 957 et
1078 893 1118 958 de
1134 913 1218 956 mor-

444 1003 475 1060 te
499 996 667 1062 Iustiniani
689 996 863 1079 sollicitum
899 997 973 1062 dum
1001 1016 1095 1080 sopor
1117 996 1218 1060 oculis

444 1098 640 1183 inrepsisset,
667 1120 723 1184 per
740 1100 879 1183 quietem
895 1099 975 1165 vidit
990 1107 1131 1164 sanctam
1149 1100 1218 1163 Ma-

444 1202 523 1266 riam
553 1203 708 1285 virginem
737 1203 903 1287 imperium
939 1203 1000 1267 sibi
1031 1202 1216 1268 decedentis

445 1306 594 1370 auunculi
618 1308 802 1390 subrogare.

510 1419 557 1483 VI·
584 1419 631 1483 De
653 1419 766 1484 Iustini
788 1419 923 1484 aedibus
946 1417 1079 1482 Calinici
1111 1417 1217 1482 conei-

445 1521 519 1586 tatis
553 1521 698 1605 inpulsu,
735 1520 906 1611 utaditus
934 1521 1063 1585 daretur
1092 1520 1217 1586 senatui

444 1625 665 1708 imperatorem
685 1625 840 1690 Iustinum
864 1625 994 1706 eligere,
1022 1632 1053 1688 ct
1076 1624 1216 1689 custodis

444 1728 486 1793 ad
510 1729 675 1813 strepitum
700 1749 771 1794 euru
792 1728 1011 1811 indignatione
1038 1727 1214 1812 responsis.

509 1833 569 1896 VII
602 1832 781 1918 Descriptio
812 1832 923 1896 domus
954 1830 1083 1908 Iustini‚
1121 1851 1216 1912 quarn

444 1936 584 2020 pretiosa
605 1937 675 2002 visu
699 1944 731 2001 et
752 1956 884 2020 operoso
908 1935 1003 1999 buerit
1018 1934 1126 1998 labore
1142 1953 1216 1997 con-

444 2046 572 2104 structa.

511 3780 587 3844 XVI
617 3777 741 3858 Refert,
774 3777 859 3860 qnod
887 3778 1068 3845 universum
1098 3781 1215 3862 vulgus

448 3884 535 3948 fama
558 3881 776 3962 commoverit,
809 3889 844 3947 ut
866 3880 908 3945 ad
931 3881 1080 3946 honorem
1103 3881 1215 3947 Iustini

448 4007 542 4070 quam
566 4005 699 4070 propere
723 3984 936 4050 convenirent.

511 4089 604 4154 XVII
632 4087 716 4166 Quid
745 4087 846 4152 circus
875 4089 925 4152 vel
954 4088 1023 4154 eius
1045 4095 1218 4173 opiparatus

448 4191 646 4275 significent,
683 4191 735 4256 bic
764 4198 858 4275 posta
887 4191 1067 4256 admirabili
1096 4191 1218 4256 ratione

448 4295 665 4381 conplectitur.

512 4398 621 4463 XVIII
643 4397 730 4463 Dicit
751 4397 813 4478 hic,
839 4398 909 4481 quis
933 4398 1067 4482 primurn
1090 4396 1221 4479 qrradri—

450 4521 510 4584 gas
531 4501 679 4583 iunxerit,
706 4507 739 4566 et
760 4501 843 4583 quod
866 4521 951 4565 vana
966 4501 1147 4585 superstitio
1162 4523 1221 4586 pa-

448 4624 602 4688 ganorum
617 4604 712 4669 deum
729 4603 828 4669 solem
844 4604 1010 4688 putaverit.
1045 4603 1098 4685 qni
1113 4609 1220 4668 tamen

449 4708 547 4772 bonor
569 4707 645 4772 solis
667 4714 781 4792 postea
802 4706 953 4771 Romanis
976 4707 1102 4772 delatus
1125 4713 1184 4772 est.

500 4867 535 4913 IV
553 4867 667 4914 consultu
688 4864 716 4911 M
793 4865 988 4912 commendatum
1008 4866 1157 4914 successisse
1176 4868 1219 4913 do-

449 4958 503 5000 ceat
514 4958 567 5012 post
579 4952 698 4999 laudibus
711 4951 767 4998 cdd.
784 4951 859 4998 Bur-lb
874 4951 944 4996 XXV
954 4951 969 4998 3
980 4968 1006 5011 p.
1022 4953 1087 4998 191⁶
1141 4953 1161 4997 V
1175 4967 1218 4999 rou

449 5038 599 5087 lacrimasM
662 5036 833 5098 inrepissctM
894 5036 1058 5097 subrogariM
1126 5038 1159 5084 VI
1172 5037 1220 5086 Ga-

449 5126 517 5173 linici
532 5125 603 5186 Ruit,
624 5126 670 5172 cali
684 5124 736 5172 ulbi
751 5123 780 5170 M
846 5125 893 5170 VII
913 5123 998 5182 Beue,
1020 5123 1096 5170 VIM
1163 5137 1220 5184 pre·

449 5213 511 5259 tioss
532 5211 571 5269 M,
602 5213 713 5272 speciosa
736 5210 815 5259 Vooclt
834 5211 901 5259 Lecl.
923 5212 972 5258 125
1093 5211 1175 5258 lsnore
1195 5210 1223 5258 M

450 5298 511 5344 XVI
537 5299 622 5346 ltcfert
645 5297 709 5359 quod
734 5299 881 5345 uniuersum
900 5298 992 5357 uulgus
1011 5298 1077 5344 turns
1094 5310 1221 5345 commone

449 5384 507 5432 add.
531 5383 678 5446 Morborum,
704 5387 731 5432 in
753 5383 833 5431 codice
856 5384 996 5443 verberit,
1025 5389 1054 5431 ut
1072 5384 1101 5432 sd
1120 5398 1220 5432 onorem

451 5473 541 5520 lrrstiui
561 5486 634 5533 quam
653 5483 757 5532 propero
775 5472 940 5518 conuenirent
956 5483 1084 5530 perperam
1095 5470 1221 5531 perlectae

451 5562 537 5620 eapitis
561 5559 607 5603 VII
625 5557 800 5617 adiuupuutur
893 5556 969 5603 XVII
988 5557 1072 5616 lietb,
1093 5557 1141 5605 Vll
1162 5556 1189 5603 Μ

451 5646 589 5694 admirnuili
600 5642 629 5690 Μ
661 5643 816 5690 eoudeetltur
828 5641 857 5688 M
896 5643 979 5690 XVIII
991 5643 1076 5707 Beleia,
1090 5644 1149 5691 VIII
1161 5643 1188 5690 M

451 5734 506 5794 quis
516 5735 609 5791 scripsi,
624 5729 667 5791 qni
679 5728 706 5775 M
748 5727 814 5790 quod
824 5743 873 5777 uuo
884 5730 1045 5791 supprestitio
1059 5729 1085 5776 M
1126 5743 1184 5778 onor
1195 5728 1223 5776 M

1360 1415 1403 1477 VI
1432 1418 1453 1496 (r
1476 1419 1517 1496 rus]
1557 1415 1605 1480 De
1631 1416 1744 1482 Iustiui
1774 1417 1910 1484 aedibus
1934 1419 2074 1484 Caliniei

1295 1517 1459 1584 concitatis
1481 1519 1611 1602 inpulsu
1634 1527 1665 1586 et
1687 1521 1827 1586 custodis
1842 1521 1885 1586 ad
1902 1522 2072 1606 strepitum

1294 1641 1363 1686 eum
1388 1621 1607 1705 indignatione
1630 1625 1800 1708 responsis.

1358 1829 1419 1893 Vll
1447 1832 1532 1912 (197)
1560 1831 1740 1916 Descriptio
1763 1831 1874 1896 domus
1898 1831 2028 1900 Iustini.

1359 2123 1436 2188 VIII
1464 2126 1568 2204 (1115)
1606 2124 1656 2190 Dc
1688 2133 1843 2190 conventu
1874 2137 1907 2191 et
1935 2145 2076 2210 persua·

1296 2227 1384 2292 sione
1407 2234 1532 2311 patrum
1556 2248 1611 2310 pro
1634 2229 1747 2293 Iustini
1771 2229 1947 2311 regimine:

1360 2331 1405 2394 IX
1446 2335 1548 2412 (1154)
1599 2330 1647 2396 De
1683 2333 1918 2397 renuntiatione
1957 2333 2075 2398 Iustini

1294 2452 1449 2498 summam
1472 2434 1598 2518 imperii
1620 2435 1792 2500 renuentis.

1358 2537 1389 2600 X
1416 2555 1438 2600 <r
1462 2542 1520 2616 rur}
1563 2538 1611 2603 Ile
1642 2538 1787 2622 precibus
1817 2560 1836 2604 a
1866 2546 1982 2604 senatu
2013 2561 2072 2624 pro

1293 2640 1425 2724 imperio
1448 2641 1562 2706 Iustini
1585 2661 1708 2706 rursum
1732 2641 1858 2706 oblatis.

1357 2745 1404 2809 XI
1432 2747 1453 2825 (ι
1479 2752 1536 2827 tat)
1575 2744 1668 2810 Felix
1697 2744 1874 2829 auspicium
1899 2767 1939 2811 ex
1963 2746 2071 2828 gallo-

1292 2868 1360 2911 rum
1385 2855 1479 2913 cantu
1503 2848 1624 2912 Iustino
1647 2847 1850 2932 Sopbiaeque
1874 2849 2041 2916 conicitur.

1357 2950 1420 3014 XII
1448 2953 1469 3014 lr
1493 2957 1551 3020 uolt
1581 2952 1629 3016 De
1645 2951 1788 3017 excubiis
1804 2959 1835 3016 et
1851 2951 2070 3018 sollicitudine

1293 3054 1405 3119 domus
1428 3055 1549 3136 regiae.

1357 3158 1437 3222 XIII
1464 3159 1485 3240 tr
1509 3159 1568 3237 2qu
1599 3157 1721 3235 Quibus
1744 3158 1890 3241 exequiis
1913 3158 2071 3224 Iustinia-

1292 3280 1353 3325 nus
1375 3266 1599 3344 postmortem
1622 3260 1719 3326 suerit
1740 3260 1923 3326 honoratus.

1357 3364 1432 3428 XIV
1453 3367 1475 3447 (1
1491 3369 1548 3446 uss)
1577 3363 1626 3429 De
1640 3364 1757 3430 affectu
1773 3365 1887 3430 Iustini
1902 3385 1982 3448 erge
1997 3385 2070 3431 eor-

1292 3487 1352 3552 pus
1374 3466 1535 3532 avunculi.

1356 3570 1417 3634 XV
1445 3571 1549 3654 (1272)
1587 3571 1708 3655 Sophia
1735 3570 1853 3636 luctum
1876 3569 1984 3637 flentis
2008 3572 2071 3637 riri

1294 3674 1503 3757 congeminat.

1358 3778 1434 3841 XVI
1462 3779 1564 3858 (1294)
1604 3778 1729 3859 Refert,
1766 3777 1850 3861 quod
1883 3778 2070 3844 universum

1294 3881 1410 3964 uulgus
1440 3901 1495 3965 pro
1523 3880 1636 3945 Iustini
1665 3880 1783 3946 bonore
1813 3880 1901 3945 famu
1928 3901 2072 3969 commo-

1295 3985 1386 4049 verit.

1360 4087 1452 4151 XVII
1481 4095 1501 4156 tr
1524 4089 1583 4160 :nul
1611 4086 1695 4164 Quid
1718 4087 1819 4151 circus
1842 4087 1893 4151 vel
1916 4087 1987 4152 eius
2010 4109 2072 4172 ap-

1296 4199 1427 4276 paratus
1449 4189 1616 4272 significet,
1642 4189 1829 4256 mirabiliter
1851 4189 1993 4255 disserit.

1362 4396 2071 4480 mmmmmmmm

1298 4501 1472 4586 quadrigas
1494 4501 1643 4566 iunxerit.

1351 4869 1382 4914 Vl
1402 4882 1457 4917 cum
1478 4867 1646 4925 ludigrretiouc
1664 4869 1755 4926 serpsi,
1776 4865 1949 4926 ludIguctioue
1971 4865 2007 4927 M,
2032 4869 2074 4915 iu-

1298 4955 1504 5015 dIgrrautiinrrir
1592 4954 1625 5000 XI
1647 4951 1784 5000 IustIrrlM
1873 4951 1919 5000 XV
1940 4953 2027 5000 sollum
2049 4952 2076 5000 M
2162 5009 2166 5018 Ι

1298 5043 1368 5093 XVII
1387 5042 1479 5088 dixerit
1499 5039 1525 5086 M
1593 5040 1677 5086 XVIII
1698 5041 1822 5086 irrucxerlt
1842 5037 1867 5084 M
