4546 6420
353 359 355 366 ’
445 385 576 450 XXXII
1148 387 1378 444 raoonnrvu.

444 609 621 692 Byzantios
644 608 807 692 ingressos
831 628 921 690 esse,
947 609 1002 691 qui
1024 610 1213 692 Byzacenae
1237 616 1269 675 et
1291 609 1511 695 Tripolitanae
1534 609 1715 695 prouinciae
1737 611 1821 678 inter
1842 611 1923 678 fines
1947 619 2082 698 septen-

441 729 577 794 trionem
607 747 720 793 versns
749 726 935 811 longissime
963 747 1152 813 procurrens
1175 728 1278 812 Syrtis
1309 729 1440 795 minoris
1469 749 1630 796 recessum
1662 750 1761 816 prope
1783 718 1922 816 attingit.
1970 733 2080 816 Atque

412 862 421 868 ··
443 848 539 914 huius
562 847 703 932 regionis
725 847 855 912 harenis
879 846 1029 912 mollibus
1051 855 1181 932 opertae
1204 856 1351 914 naturam
1374 849 1456 915 bene
1479 848 1637 934 Oorippus
1658 849 1855 916 Iohannidos
1881 851 1962 917 libro
1986 859 2079 917 sexto

443 967 598 1053 depinxit.
646 968 737 1046 Quae
766 965 938 1050 descriptio
960 966 1119 1052 Oorippea
1147 969 1180 1033 in
1210 968 1334 1033 nullam
1364 968 1464 1032 aliam
1491 975 1613 1052 partem
1641 968 1856 1053 desertorum,
1890 990 1972 1053 quae
1995 971 2079 1036 mari

443 1086 567 1171 Syrtico
589 1087 697 1154 vicina
719 1093 808 1168 sunt,
839 1084 987 1168 quadrat.
1034 1085 1169 1153 Deserta
1193 1087 1278 1152 enim
1301 1088 1521 1172 Tripolitanae
1544 1088 1729 1174 provinciae
1753 1090 1990 1174 superiacentia
2012 1111 2077 1156 non

440 1207 619 1290 harenosa,
645 1206 704 1272 sed
726 1225 843 1270 saxosa
867 1213 941 1270 sunt
967 1205 1189 1290 [Hammadah
1223 1215 1352 1290 tamque
1375 1207 1442 1272 alte
1465 1227 1562 1292 supra
1584 1209 1753 1292 planitiem
1776 1210 1894 1275 oulmm
1915 1210 2077 1276 litoralem

405 1339 406 1344 ’
443 1328 594 1410 eminent,
620 1335 656 1393 nt
677 1345 847 1392 ascensum
870 1326 1023 1390 exercitui
1047 1325 1212 1393 difficilem
1234 1335 1330 1413 poeta
1353 1327 1481 1394 silentio
1503 1328 1640 1394 transire
1662 1349 1726 1394 non
1747 1329 1915 1414 potuisset,
1941 1329 1968 1393 si
1991 1329 2077 1396 banc

441 1448 476 1512 iu
498 1447 660 1531 regionem
683 1447 843 1512 Iohannes
865 1465 1056 1529 progressus
1079 1454 1174 1514 esset.
1215 1447 1285 1526 Quo
1308 1465 1410 1530 usque
1432 1446 1599 1514 meridiem
1622 1467 1735 1514 versus
1756 1449 1791 1513 in
1813 1448 1941 1514 deserta
1963 1448 1995 1515 el
2009 1450 2078 1534 Erg

441 1568 591 1652 Byzantii
613 1564 860 1652 penetraverint,
887 1564 1088 1648 ignoramus,
1119 1566 1270 1649 quoniam
1292 1587 1396 1648 noque
1418 1565 1543 1632 itineris
1565 1567 1800 1652 longitudinem
1821 1587 1926 1652 neqne
1949 1568 2076 1634 dierum

440 1707 607 1752 numerum
630 1693 725 1772 poeta
747 1684 877 1750 indicat.
914 1683 1040 1750 Certiae
1062 1687 1161 1752 multo
1184 1685 1225 1752 de
1248 1686 1312 1753 situ
1335 1686 1485 1767 locorum,
1512 1687 1628 1770 quibus
1650 1687 1810 1753 exercitus
1833 1687 1962 1754 rediens
1985 1708 2076 1754 oram

441 1806 634 1872 maritimam
656 1806 810 1890 attigerit,
836 1801 989 1870 iudicium
1012 1805 1095 1871 ferre
1117 1806 1202 1871 licet.
1244 1806 1403 1872 Iohannes
1427 1806 1512 1872 enim
1536 1806 1591 1872 ubi
1609 1807 1746 1891 primum
1761 1807 1803 1872 ad
1819 1807 1914 1873 litora
1927 1806 2072 1891 devenit,

441 1928 554 1992 eastris
583 1928 673 1992 iuxta
701 1925 820 1992 flumen
841 1930 1004 2010 quoddam
1026 1923 1140 2009 positis
1162 1924 1291 2010 oppidis
1313 1925 1480 1990 maritimis
1504 1925 1698 1991 frumentum
1720 1926 1873 2012 imperat,
1907 1927 1992 2010 quod
2014 1947 2078 1994 na-

439 2046 534 2112 ribus
556 2047 589 2111 in
612 2053 717 2112 castra
740 2047 929 2112 advehatur.
977 2045 1043 2112 Sed
1064 2044 1169 2110 ventis
1191 2045 1338 2112 adversis
1360 2065 1461 2110 naves
1484 2046 1634 2130 repulsae
1657 2046 1850 2112 detinentur.

441 2186 508 2250 Ioh.
536 2184 580 2247 VI
603 2185 662 2247 387
798 2184 953 2250 adversos
975 2183 1117 2248 habuere
1140 2182 1251 2247 Notos.
1299 2181 1365 2247 fors
1387 2181 1467 2248 dura
1490 2183 1622 2265 negavit

800 2287 962 2373 puppibus
985 2305 1161 2370 aequoreas
1185 2286 1267 2351 velis
1289 2285 1426 2350 transire
1449 2306 1507 2369 per
1529 2284 1652 2350 undas:

801 2390 947 2473 proxima
971 2387 1122 2453 seiunxit.

440 2528 498 2592 llis
513 2547 531 2591 e
547 2525 694 2592 versibus
716 2526 830 2607 clucet,
857 2525 933 2592 inde
949 2547 968 2591 a
984 2523 1137 2590 Iohannis
1161 2523 1274 2589 castris
1297 2543 1385 2588 oram
1407 2522 1610 2606 maritimam,
1637 2522 1687 2588 cui
1704 2525 1799 2590 urbes
1814 2524 1893 2591 illae
1908 2528 2076 2612 proximae

439 2647 607 2732 impositae
630 2652 755 2726 essent,
782 2645 1030 2730 septentrionem
1054 2663 1166 2710 versus
1189 2663 1224 2708 se
1246 2642 1450 2724 extendisse,
1480 2651 1586 2709 castra
1607 2643 1708 2726 igitur
1729 2664 1791 2708 non
1814 2645 1918 2730 Syrtis
1941 2647 2075 2714 maioris

440 2767 473 2831 in
496 2767 559 2832 oris
581 2765 685 2850 posita
708 2764 820 2845 luisse,
847 2785 930 2847 quae
953 2765 994 2829 ab
1016 2763 1137 2830 oriente
1161 2764 1228 2829 sole
1251 2762 1449 2829 occidentem
1472 2783 1585 2829 versus
1608 2763 1749 2830 directae
1773 2773 1858 2848 eunt,
1885 2767 1944 2831 sed
1967 2767 2074 2851 Syrtis

439 2887 572 2953 minoris
593 2887 627 2952 in
649 2885 731 2966 sinu,
759 2884 813 2951 ubi
829 2885 1034 2970 Byzacenum
1055 2884 1132 2948 litus
1155 2883 1403 2966 septentrionem
1426 2890 1535 2968 petere
1556 2883 1682 2968 incipit.
1721 2883 1882 2951 'Firmatur
1899 2885 1981 2952 haec
1997 2906 2076 2953 con-

438 3007 542 3072 clusio
564 3006 711 3072 versibus
733 3004 992 3088 insequentibus,
1027 3003 1161 3085 quibus,
1194 3003 1285 3067 onius
1308 3001 1419 3086 populi
1439 3003 1474 3067 in
1496 3002 1613 3069 tinibus
1637 3010 1741 3068 castre
1763 3003 1917 3071 lobannis
1940 3005 2071 3089 fuerint,

441 3126 623 3192 edocemur.

803 3261 944 3326 hstrices
966 3259 1033 3325 illis
1055 3259 1153 3342 longo
1174 3259 1240 3323 iam
1261 3263 1404 3342 tempore
1427 3257 1520 3321 terris

804 3363 970 3428 horrentes
992 3362 1133 3427 habuere
1154 3360 1279 3426 domos.

441 3505 504 3585 Qui
527 3502 670 3569 Astrices
692 3499 780 3566 band
803 3498 899 3565 dubie
923 3498 1026 3583 Syrtis
1048 3497 1179 3562 minoris
1201 3503 1277 3562 tunc
1298 3515 1387 3578 oras,
1420 3496 1536 3579 quibus
1560 3496 1736 3563 Ptolemaei
1764 3499 1829 3565 iam
1858 3507 2000 3586 tempore
2025 3504 2076 3569 vi-

442 3623 506 3690 cini
528 3623 670 3702 lucrant,
695 3618 889 3684 incolebant.
936 3619 1050 3702 Pugna
1072 3616 1174 3699 enim,
1200 3634 1265 3697 qua
1287 3591 1394 3680 eorum
1418 3615 1451 3680 in
1473 3615 1590 3682 finibus
1612 3636 1632 3680 a
1655 3617 1769 3683 castris
1790 3619 1950 3704 prioribus
1972 3644 2075 3708 parvo

441 3744 556 3808 itinere
580 3740 745 3823 digressus
756 3739 805 3819 ¹⁷³)
832 3736 992 3802 Iohannes
1015 3757 1035 3800 a
1058 3735 1178 3800 Mauris
1201 3734 1305 3799 victus
1328 3741 1394 3815 est,
1428 3741 1513 3801 certe
1544 3734 1633 3800 iuxta
1656 3736 1746 3801 sinus
1768 3737 1864 3804 huius
1887 3740 1962 3807 litus
1986 3762 2077 3809 com-

444 3861 543 3927 missa
557 3868 616 3926 est.
657 3859 858 3942 Quamquam
873 3876 988 3923 nomen
1003 3853 1145 3920 fluminis
1158 3854 1258 3935 illins,
1277 3853 1368 3919 cuius
1382 3853 1416 3918 in
1431 3853 1509 3938 ripis
1524 3854 1714 3939 proeliatum
1730 3863 1788 3938 est,
1808 3858 1993 3942 ignoramus
2004 3865 2054 3946 ¹⁷⁴)
2063 3914 2071 3946 ,

441 3990 549 4048 tamen
572 3980 677 4045 vicum
699 3978 752 4043 vel
775 3977 938 4060 regionem
961 3973 1137 4058 proximam
1160 3979 1255 4057 poeta
1276 3971 1462 4038 nominavit.

442 4118 487 4181 Vl
509 4118 572 4180 485
724 4131 726 4135 ·
1348 4110 1512 4192 collesque
1534 4110 1693 4194 malignos

803 4215 903 4281 tristis
927 4221 959 4280 et
979 4212 1137 4279 infaustos
1159 4213 1358 4279 monstrabat
1379 4211 1507 4278 Gallica
1530 4231 1672 4298 campos.

443 4359 527 4423 Sane
556 4355 617 4420 hoe
647 4353 834 4419 colereter
857 4369 934 4416 usus
956 4369 997 4415 ne
1020 4348 1250 4434 sagacissimus
1272 4347 1419 4433 quidem,
1452 4350 1507 4415 nbi
1529 4349 1656 4416 Gallica
1677 4351 1736 4417 illa
1758 4351 1868 4436 luerit,
1903 4358 2074 4441 explorare

442 4476 556 4562 possit.
602 4471 669 4539 Sed
696 4477 930 4557 peropportune
959 4469 1154 4535 Iohannidos
1184 4469 1258 4534 libri
1287 4467 1426 4558 secundi⁸
1451 4468 1539 4533 locus
1573 4469 1615 4552 (Il
1638 4473 1774 4556 77-83)
1810 4475 1975 4559 subvenit,
2009 4499 2074 4561 quo

442 4602 538 4681 poeta
559 4593 723 4660 infelicem
745 4591 828 4656 hanc
843 4589 995 4654 Iohannis
1017 4588 1255 4673 expeditionem
1274 4586 1431 4672 deplorat.
1470 4586 1612 4652 Primum
1626 4588 1688 4655 hoc
1701 4611 1826 4674 quoque
1842 4593 1910 4661 loco
1926 4594 2074 4666 Gallicae

441 4722 536 4800 poe'ta
558 4713 750 4779 mentionem
774 4709 861 4789 facit,
887 4729 983 4793 quam
1005 4709 1148 4773 Romano
1170 4728 1244 4773 mox
1267 4708 1424 4790 sanguine
1447 4707 1604 4790 pollutum
1626 4708 1665 4773 iri
1686 4710 1855 4794 praedicit.

803 4845 837 4911 II
860 4849 899 4908 77
930 4844 1071 4911 immittit
1090 4844 1215 4929 polluta
1237 4843 1322 4909 viros
1344 4863 1418 4908 mox
1441 4843 1568 4910 Gallica
1589 4845 1706 4911 tristes

530 5158 586 5220 173)
609 5157 665 5208 Gor.
685 5157 738 5205 loh.
761 5156 795 5203 Vl
813 5153 959 5204 rsa-486.
1879 5211 1882 5224 ,Ἰ

531 5244 588 5306 174)
609 5243 672 5292 illm
691 5243 826 5302 sagacitate
845 5240 956 5288 Tauxler
975 5239 1087 5287 fluminis
1106 5238 1181 5286 buius
1200 5250 1291 5286 nomen
1309 5239 1438 5287 invenisse
1456 5240 1506 5288 albi
1524 5241 1592 5289 visus
1610 5247 1656 5289 est.
1695 5241 1808 5303 Pugnan
1827 5245 1895 5292 enlm
1913 5247 2072 5296 commissam

442 5341 498 5378 essa
515 5329 577 5378 dlclt
604 5329 638 5376 ‘t'
652 5326 836 5376 l’cmbcuchure
853 5325 887 5373 dn
905 5325 969 5388 petit
987 5324 1070 5372 neure
1089 5323 1208 5382 Lyreus'.
1246 5324 1308 5372 Acie
1328 5323 1493 5373 Romanorum
1512 5326 1540 5373 ln
1559 5326 1644 5387 lugam
1662 5341 1780 5376 conversa
1798 5329 1922 5378 lohannes
1950 5331 1990 5380 ‘aa
2005 5334 2074 5392 jetta

440 5415 502 5464 dans
519 5427 570 5463 nne
589 5414 668 5476 petita
687 5411 790 5461 redoutc
807 5410 893 5459 illerde
911 5423 963 5458 anx
980 5408 1090 5458 bouches
1107 5407 1143 5460 (ln
1161 5409 1281 5468 Lyaens'.
1313 5409 1375 5460 Res.
1390 5410 1445 5460 Alr.
1460 5410 1511 5460 XX
1531 5409 1596 5461 1876
1614 5426 1640 5474 p.
1655 5411 1714 5462 297.
1747 5413 1784 5462 lla
1802 5427 1877 5476 quern
1895 5416 1983 5476 fngiat,
2005 5417 2074 5467 unde

443 5501 506 5550 banc
525 5502 641 5549 notltlam
660 5499 698 5546 vtr
716 5497 804 5547 domna
821 5495 943 5556 amoene,
964 5494 1075 5544 admrlbc
1093 5494 1242 5544 Iohannldcs
1259 5495 1317 5544 llbrl
1335 5496 1383 5544 vll
1402 5511 1425 5546 v.
1448 5496 1487 5546 1⁰.
1512 5495 1540 5545 11

854 5581 1001 5644 percipiunt
1018 5580 1103 5642 epulis
1121 5594 1209 5642 parvas
1227 5587 1283 5642 post
1301 5586 1412 5644 tempora
1429 5583 1511 5642 viras,

854 5665 1042 5727 hastarumque
1061 5665 1152 5716 bibunt
1169 5671 1226 5728 post
1244 5668 1328 5716 trlrtlr
1344 5667 1409 5716 bella
1427 5667 1546 5725 Lyaeum.
