4546 6420
888 424 1114 479 PROOEMIVM.
1773 422 1816 486 LI

96 677 102 682 ·
189 650 310 736 publici
340 669 375 715 se
404 648 483 714 iuris
511 648 669 714 facturum
699 647 844 733 promisit
854 652 889 731 ⁷).
936 647 1016 713 Cum
1047 656 1155 714 autern
1185 645 1347 713 Dracontii
1378 647 1521 712 recensio
1549 647 1705 712 Ruiziana
1733 668 1816 712 nnn-

189 790 285 852 quam
309 768 396 854 typis
418 788 574 854 expressa
596 769 648 848 sit,
674 788 737 833 non
760 767 864 832 Ruizii
887 768 999 853 ipsius,
1026 768 1084 834 sed
1105 768 1200 834 amici
1224 767 1294 833 eins
1316 766 1470 832 Iohannis
1491 767 1614 832 Perezii
1636 766 1816 833 testimonio

186 889 321 970 utimur,
360 889 414 972 qui
443 888 613 956 Ovctensis
641 888 717 954 olim
748 887 906 954 ecclesiae
936 886 1093 956 inlibris
1122 887 1227 953 Ruizii
1260 887 1402 953 codicem
1434 885 1536 954 fuisse
1569 887 1767 954 asseveravit
1776 889 1812 970 8l.

187 1009 278 1074 Vnde
308 1008 442 1075 Ruizius
472 1017 504 1074 et
532 1007 701 1090 Ferocius,
734 1028 816 1091 qnae
846 1007 887 1074 de
916 1007 1027 1074 codice
1057 1015 1230 1088 noverunt,
1264 1006 1444 1089 hauserint,
1478 1007 1607 1073 minime
1636 1027 1694 1072 nos
1724 1007 1814 1074 latet.

186 1129 379 1195 Etiamnunc
407 1129 492 1195 anim
521 1129 555 1194 in
584 1128 801 1194 venustissimo
830 1129 912 1194 libro
942 1127 1099 1194 ecclcsiae
1130 1127 1318 1208 Ovetensis,
1355 1127 1410 1211 qui
1443 1148 1463 1192 a
1492 1126 1640 1212 Philippo
1672 1147 1749 1211 rege
1781 1128 1815 1192 in

185 1248 410 1316 bibliothecam
426 1249 682 1316 Escarialensem
698 1249 874 1314 translatus
896 1257 945 1315 cst
966 1248 1075 1332 ibique
1098 1248 1280 1314 etiamnunc
1307 1249 1345 1330 (R
1359 1248 1392 1311 II
1411 1251 1458 1326 18)
1485 1255 1678 1328 asservatur,
1702 1247 1816 1313 inven-

186 1368 301 1434 tarium
325 1369 540 1436 bibliothecae
556 1369 727 1436 0vetcnsis
749 1376 838 1435 extat
859 1389 943 1434 anno
959 1367 1177 1435 DCCCCXX⁰
1195 1388 1290 1434 aerae
1304 1367 1509 1451 Hispanicac,
1535 1366 1817 1433 DCCCLXXXIF’

186 1510 219 1573 p.
244 1489 321 1555 Chr.
345 1509 378 1554 n.
404 1488 603 1575 scriptumil.
652 1488 723 1567 Quo
744 1489 778 1553 in
799 1488 978 1554 inventario
1000 1509 1072 1554 cum
1096 1487 1162 1552 alia
1184 1507 1297 1571 opera,
1331 1506 1414 1571 quae
1443 1487 1476 1552 in
1506 1485 1616 1553 codice
1639 1487 1816 1553 Matritensi

184 1609 311 1686 insunt,
345 1606 493 1692 Catonis,
527 1607 711 1688 Dracontii,
743 1607 885 1690 Sedulii,
918 1607 1056 1692 Eugenii
1086 1583 1230 1692 episcopi
1252 1607 1400 1673 Toletani
1423 1605 1567 1673 carmina
1588 1613 1812 1686 memorantur,
1905 1617 1906 1620 ’

185 1736 251 1795 tum
279 1729 328 1795 ‘in
350 1729 481 1796 landem
502 1729 620 1795 Iustini
640 1729 783 1808 minoris,
808 1729 843 1794 in
864 1729 994 1794 landam
1017 1727 1218 1794 Anasthasii’
1232 1731 1281 1808 ¹⁰).

271 1849 424 1916 Codieem
440 1849 659 1916 Matritensem
683 1869 754 1915 cum
776 1856 849 1933 post
862 1849 1011 1915 Ruizinm
1034 1847 1191 1915 aditorum
1206 1848 1335 1934 corippi
1357 1867 1451 1914 nemo
1466 1847 1592 1930 viderit,
1618 1847 1697 1912 mihi
1711 1847 1814 1933 primo

184 1970 290 2035 denuo
313 1968 539 2036 excubandum
562 1970 710 2054 praebuit
731 1969 857 2034 fortuna
878 1985 1043 2053 prospera.
1091 1968 1159 2034 Viri
1181 1968 1266 2034 enim
1288 1967 1433 2052 insignes
1456 1975 1488 2032 ct
1510 1967 1672 2049 liberales,
1698 1966 1815 2050 quibus

184 2089 279 2155 hodie
309 2109 433 2154 summa
461 2110 565 2155 rerum
594 2088 682 2174 apud
711 2089 873 2173 Hispanos
903 2088 1074 2154 commissa
1103 2094 1165 2166 est,
1198 2087 1284 2170 quod
1313 2087 1436 2172 privato
1466 2087 1587 2152 nemini
1608 2086 1715 2152 adhuc
1738 2107 1814 2153 eon-

183 2215 361 2287 cesserant,
396 2216 431 2276 ut
459 2189 664 2276 venerandae
689 2207 891 2292 antiquitatis
912 2208 1029 2274 librum
1052 2207 1095 2274 ad
1118 2215 1244 2274 exteros
1265 2206 1534 2288 transmitterent,
1567 2205 1602 2272 id
1624 2227 1814 2272 monumen-

182 2337 284 2396 torum
312 2329 465 2396 historiae
489 2329 701 2395 Germanicae
732 2329 931 2395 curatoribus
960 2336 996 2395 ut
1021 2328 1219 2412 denegarent
1241 2347 1303 2393 non
1327 2328 1556 2394 sustinuerunt.
1603 2327 1715 2410 Itaque
1738 2347 1814 2394 con-

182 2450 274 2532 tigit,
308 2456 343 2516 ut
364 2449 441 2515 anni
463 2449 599 2534 proximi
622 2454 745 2515 aestate
768 2448 851 2514 liber
878 2448 1130 2534 pretiosissimus
1156 2447 1295 2530 Matritio
1318 2448 1502 2514 Berclinum
1524 2447 1723 2533 perveniret,
1758 2447 1813 2514 ubi

126 2593 133 2609 ·
183 2569 217 2635 in
246 2569 441 2636 bibliotheca
470 2570 560 2654 regia
588 2589 662 2635 eum
692 2569 830 2636 excussi.
888 2569 939 2635 Ad
969 2568 1142 2653 Corippum
1173 2567 1294 2634 codicis
1323 2567 1520 2634 Matritensis
1548 2567 1626 2633 folia
1660 2563 1814 2632 til—51¹²

182 2689 351 2774 pertinent,
377 2689 412 2755 in
434 2689 552 2771 quibus
573 2690 656 2755 haec
676 2687 800 2754 insunt:
1519 2747 1521 2752 ,

272 2812 299 2892 1)
326 2810 384 2875 fol.
414 2806 575 2874 Iti-19⁸.
627 2807 802 2875 Periochac
834 2809 970 2875 barbara
1003 2809 1158 2894 scriptae,
1195 2828 1255 2876 nac
1287 2814 1395 2874 tamen
1427 2807 1461 2874 in
1494 2807 1634 2876 aditione
1669 2814 1813 2892 praetcr-

181 2929 374 3012 mittendaa,
407 2951 478 2996 cum
500 2929 547 3010 is,
580 2928 636 3014 qui
658 2928 850 3014 composuit,
885 2929 1015 3015 Corippi
1037 2929 1267 3015 panegyricum
1290 2929 1467 3012 integrum,
1500 2948 1562 2994 non
1593 2928 1718 2995 lacunis
1741 2947 1813 2993 sca-

181 3057 319 3132 tentem,
352 3050 479 3117 viderit.
526 3049 691 3135 Epitomcs
714 3049 783 3116 eius
807 3049 925 3116 menda
946 3050 1123 3134 corrigere,
1156 3051 1290 3115 lacunas
1316 3049 1446 3134 explere
1469 3037 1607 3116 editores
1628 3055 1808 3134 potuerunt,

184 3191 255 3236 cum
286 3171 415 3255 singula
444 3170 514 3236 cius
544 3169 711 3235 enuntiata
732 3169 896 3252 aliquanto
919 3170 1065 3236 breviora
1086 3170 1119 3235 in
1142 3168 1285 3252 margine
1308 3169 1381 3235 libri
1403 3169 1494 3235 iuxta
1515 3168 1702 3253 panegyrici
1725 3169 1812 3233 locos

181 3308 247 3372 ecs,
273 3289 317 3356 ad
338 3310 417 3372 qnos
440 3290 611 3374 pertinent,
636 3289 751 3354 iterum
775 3288 895 3374 scripta
918 3295 1040 3355 extent.
1086 3290 1260 3355 Periochac
1283 3289 1317 3354 in
1340 3289 1446 3374 capita
1468 3287 1591 3354 divisae
1615 3295 1698 3370 sunt,
1728 3308 1811 3370 quae

179 3410 294 3476 eadem
317 3410 457 3476 numeris
478 3410 594 3476 iisdem
617 3407 795 3493 litterisque
816 3409 943 3492 magnis
964 3409 1142 3475 initialibus
1164 3417 1274 3476 notata
1296 3409 1329 3474 in
1351 3409 1547 3494 panegyrico
1570 3407 1640 3492 ipso
1662 3407 1812 3473 librarius

180 3531 334 3596 distinxit.
382 3530 607 3596 Periocharum
639 3548 715 3615 pars
743 3536 905 3614 postrema
934 3530 1009 3595 iam·
1028 3529 1061 3594 in
1091 3529 1199 3596 codice
1223 3551 1277 3609 eo,
1311 3551 1414 3614 equo
1436 3529 1631 3596 Matritensis
1654 3528 1807 3610 manavit,

180 3650 320 3736 perierat
341 3650 436 3734 folio,
469 3657 505 3717 ut
526 3650 671 3732 videtur,
701 3669 764 3714 uno
785 3650 977 3735 intercepto,
1004 3651 1122 3733 inquo
1145 3650 1354 3735 praefationis
1378 3650 1474 3717 ctiam
1497 3649 1622 3716 initium
1645 3655 1810 3715 exaratum

156 3767 294 3837 tuerat.

269 3893 298 3974 2)
326 3890 383 3955 fol.
412 3893 565 3954 tauto*
588 3890 733 3975 seqnitur
753 3888 910 3976 praefatio
932 3890 1064 3976 Corippi
1086 3891 1177 3956 initio
1199 3890 1322 3956 mutila.

270 4011 298 4092 3)
327 4008 384 4075 fol.
410 4013 566 4075 20⁵—ar
588 4009 820 4077 commendatio
835 4010 1022 4094 carminum,
1045 4031 1141 4094 quiam
1157 4012 1201 4076 ad
1216 4011 1421 4076 Anastasinm
1437 4017 1638 4094 quaestorem
1655 4010 1812 4094 Corippus

182 4129 318 4214 scripsit,
347 4130 536 4196 continetur.
580 4129 640 4198 eui
663 4131 775 4197 titulus
797 4131 985 4216 praefigitur
1010 4130 1240 4216 ‘panigirioum
1263 4131 1296 4196 in
1319 4130 1448 4198 laudem
1470 4130 1634 4197 Anastasii
1655 4129 1813 4214 questoris

179 4256 211 4316 ct
233 4249 405 4335 magistri'.

266 4569 288 4632 ll
311 4570 412 4634 Corippi
435 4571 465 4618 da
489 4571 607 4620 laudibus
626 4572 718 4620 lustini
741 4573 800 4620 libri
819 4573 856 4621 tv
880 4572 988 4636 prlmum
1011 4588 1026 4621 s
1049 4573 1159 4620 tenebris
1184 4573 1210 4619 iu
1234 4573 1315 4620 lucem
1341 4573 1429 4621 asserti
1454 4587 1498 4632 por
1522 4571 1670 4620 hiicbaalcm
1693 4572 1810 4620 ltuiaium

179 4655 324 4714 Assagrium
343 4655 497 4705 Celtiberum
517 4658 671 4718 Antvcrplna
687 4657 747 4706 1581
770 4673 794 4718 p.
811 4657 853 4707 71.
888 4659 928 4705 ‘in
949 4664 1032 4706 nostro
1050 4657 1201 4719 examplari,
1221 4657 1296 4718 quod,
1319 4664 1347 4705 ut
1365 4659 1424 4705 alibi
1444 4659 1474 4705 ad
1493 4673 1556 4720 opus
1576 4657 1704 4706 Dracontii
1722 4659 1809 4720 politae

178 4741 208 4789 da
228 4741 328 4790 Fabrlca
346 4741 448 4803 mundi,
469 4749 496 4792 et
513 4743 543 4806 ad
563 4746 673 4792 carmina
691 4744 767 4792 simul
787 4745 818 4793 1).
840 4743 948 4804 Euganil
968 4744 1083 4806 Episcopi
1103 4743 1218 4791 Toletani
1238 4743 1329 4791 diffuso
1348 4743 1453 4804 praeisti
1472 4757 1572 4804 sumus,
1594 4757 1643 4790 non
1662 4757 1693 4790 ex
1712 4745 1811 4792 coniec-

178 4829 257 4887 turis,
285 4829 329 4877 ssd
347 4829 396 4878 ttde
415 4829 490 4890 plano
507 4831 664 4892 certissima,
690 4837 787 4880 constat
804 4837 863 4880 ants
882 4831 1070 4892 septingentos,
1096 4835 1122 4878 at
1139 4843 1168 4878 eo
1185 4829 1308 4892 amplius,
1329 4841 1408 4878 annos
1426 4831 1506 4878 inissa
1527 4830 1689 4891 descriptum,
1710 4842 1810 4891 semper

177 4916 266 4961 totiena
283 4918 310 4961 st
328 4918 440 4977 quatiam
457 4915 600 4976 leguntur'.

266 5005 290 5069 81
310 5006 389 5057 Persz
407 5010 434 5056 in
453 5009 518 5058 notis
537 5010 567 5058 sd
586 5015 663 5072 caput
680 5009 729 5058 vn
748 5009 836 5058 isidori
854 5009 886 5058 ri's
905 5009 964 5058 viris
983 5009 1139 5059 illustribus:
1170 5010 1206 5057 ‘is
1229 5009 1307 5070 liber,
1336 5009 1447 5058 Gothicis
1469 5009 1561 5059 litteris
1580 5010 1735 5072 descriptus,
1761 5009 1811 5058 tuit

178 5093 236 5141 otim
254 5093 380 5143 Ecclesiae
398 5095 540 5158 Oretensis,
562 5101 649 5157 postas
665 5096 735 5160 apud
753 5096 902 5144 Micbaclsm
920 5096 1039 5144 Butrium
1057 5095 1193 5156 Azagrium
1211 5096 1319 5145 amicum
1337 5093 1444 5144 maum'.
1481 5097 1515 5144 et.
1535 5095 1635 5144 Aravali
1653 5097 1684 5144 ad
1701 5095 1810 5144 Dracon·

178 5179 242 5226 tium
259 5181 436 5240 prolegomena
453 5181 476 5228 V
493 5179 526 5230 42
544 5195 569 5242 p.
585 5180 627 5230 ³5.
719 5199 721 5204 ’

266 5273 292 5334 9)
313 5275 392 5335 Virga
410 5276 442 5323 ds
460 5276 594 5324 Ambrosio
612 5276 643 5323 da
662 5275 769 5324 Morales
787 5289 832 5338 per
850 5275 924 5324 orden
942 5275 983 5323 del
1001 5289 1043 5336 rey
1062 5275 1094 5324 D.
1113 5275 1219 5337 Phelipe
1236 5276 1262 5323 11
1280 5290 1294 5325 ι
1310 5277 1348 5324 los
1366 5289 1456 5336 reynos
1473 5276 1504 5324 ds
1523 5277 1605 5337 Leon,
1633 5289 1649 5334 y
1666 5274 1775 5336 Geticis,
1797 5289 1811 5334 y
1882 5329 1885 5335 ¹

164 5357 324 5428 'principarlo
350 5358 381 5407 de
409 5361 524 5408 Asturius
551 5374 611 5422 para
638 5375 769 5410 reconoccr
787 5398 792 5410 .
810 5398 816 5410 .
834 5400 838 5410 .
857 5399 862 5409 .
883 5375 898 5420 y
917 5361 992 5411 libros
1018 5364 1182 5410 manuscrttos
1207 5362 1238 5410 de
1263 5363 1299 5411 las
1317 5362 1477 5412 Cathedrales
1501 5377 1516 5422 y
1540 5361 1714 5410 Monastarlos.
1752 5361 1808 5409 dale

178 5447 193 5490 t
211 5445 252 5492 luz
271 5444 400 5507 Henrlque
419 5445 513 5494 Florsz.
534 5446 630 5495 bladrid
647 5447 710 5496 1165
729 5462 755 5509 p.
770 5445 812 5496 94.
828 5445 870 5497 95.
896 5448 957 5497 itin.
979 5448 1039 5497 Ant.
1060 5448 1118 5497 cdd.
1139 5448 1232 5497 Pinder
1248 5453 1275 5497 et
1292 5447 1399 5509 Parthcy
1417 5449 1527 5498 Beroltni
1542 5445 1606 5496 1849
1622 5463 1646 5508 p.
1662 5447 1721 5497 XX.
1737 5448 1808 5498 xxi.

268 5537 309 5599 10)
330 5540 436 5589 Litteris
454 5540 574 5602 Evaluit,
601 5543 647 5602 qut
670 5542 709 5589 vir
733 5541 820 5590 doetus
845 5555 926 5603 nuper
944 5544 1035 5590 librum
1055 5543 1251 5593 liscortalcnssm
1269 5545 1394 5606 inspexit,
1422 5545 1511 5593 certior
1529 5545 1561 5592 tto
1579 5555 1635 5591 cum
1654 5543 1717 5593 alios
1734 5557 1809 5605 quos·

178 5625 236 5672 darn
256 5624 345 5673 titulos
364 5629 417 5674 tum
436 5627 511 5674 verba
532 5628 574 5675 ‘in
592 5625 668 5676 laude
687 5626 780 5676 lustinl
798 5628 900 5675 minoris
918 5628 996 5676 liber’
1015 5641 1065 5677 non
1083 5629 1164 5691 prims
1182 5643 1273 5692 mann,
1298 5629 1387 5678 sedin
1406 5630 1500 5694 spatio,
1525 5628 1589 5691 quod
1607 5643 1714 5677 vacuum
1733 5631 1810 5692 prima

179 5723 269 5758 manus
287 5712 408 5774 omiserit,
430 5711 507 5760 altars
525 5725 601 5762 manu
620 5713 704 5775 paullo
721 5715 857 5762 recentiore
876 5713 981 5778 saeculo,
1002 5721 1032 5762 ut
1050 5713 1173 5777 rideatur,
1193 5713 1242 5763 1Χο
1259 5716 1350 5777 scripta
1368 5728 1432 5763 essa.

1560 5817 1602 5885 g*
