4508 6434
1174 415 1322 472 CORIPPI

867 582 872 594 ⁸
902 605 1045 691 plaustra
1067 613 1199 688 gemunt
1220 613 1351 673 onerata
1373 604 1451 689 viis,
1477 605 1614 690 altisque
1636 604 1772 671 camelis

817 705 920 774 fervet
941 707 1012 775 iter.
1060 708 1178 774 ferrum
1201 709 1385 776 resonantia
1407 709 1547 775 concutit
1569 729 1657 775 aera.

817 814 924 879 omnia
946 833 1003 899 per
1024 813 1107 880 latos
1130 820 1317 879 convectant
1338 814 1454 880 horrea
1474 833 1621 900 campos,

817 937 969 1000 armaque
991 917 1093 983 multa
1114 917 1191 982 viris
1212 937 1299 984 more
1322 916 1534 1004 expendenda
1555 915 1689 983 Latinis.

817 1019 945 1104 iamque
968 1019 1066 1086 duces
1088 1019 1260 1088 hincinde
1283 1028 1379 1087 ruunt
1400 1021 1562 1106 fortesque
1585 1019 1722 1102 tribuni,

818 1123 1027 1206 victricesque
1049 1124 1155 1190 lerunt
1175 1123 1320 1210 aquilas,
1345 1131 1442 1210 atque
1464 1125 1596 1209 agmina
1619 1125 1765 1191 densant.

903 1227 1039 1294 mittitur
1060 1235 1093 1294 et
1114 1229 1228 1294 sollers
1251 1228 1397 1314 geminas
1420 1249 1610 1315 componere
1631 1235 1740 1314 partes

819 1331 1035 1414 Stephanides
1057 1331 1183 1398 iuvenis
1206 1331 1345 1400 discreta
1367 1339 1474 1400 mente
1495 1333 1667 1400 Iohannes.

820 1455 956 1519 namque
978 1435 1064 1501 inter
1085 1454 1157 1503 sese
1181 1435 1252 1502 duri
1273 1436 1339 1502 iam
1362 1436 1487 1503 semina
1508 1435 1587 1504 belli

711 1556 724 1592 o
820 1556 936 1603 saevus
958 1537 1108 1604 Ifisdaias
1130 1545 1163 1605 et
1183 1539 1267 1606 fidus
1290 1538 1411 1606 Casina
1433 1539 1567 1625 sumptis

818 1648 894 1708 tuuc
916 1641 1057 1708 habuere
1080 1641 1175 1708 odiis.
1222 1642 1343 1710 bellum
1365 1643 1431 1709 iam
1454 1643 1550 1709 corda
1573 1642 1713 1708 futurum

820 1753 969 1831 coeperat
990 1746 1113 1812 alterno
1138 1747 1333 1814 succendere
1355 1747 1493 1813 barbara
1514 1753 1618 1828 motu,

822 1849 946 1914 invidia
967 1850 1150 1934 geminante
1171 1850 1248 1916 iras.
1294 1851 1380 1917 huuc
1401 1871 1478 1934 ergo
1501 1849 1657 1934 magister

823 1953 905 2020 iuter
926 1960 1094 2038 utrumque
1116 1954 1207 2021 iubet
1228 1953 1388 2040 placidam
1411 1974 1600 2040 componere
1623 1974 1734 2039 pacem

823 2065 856 2122 ct
878 2057 993 2123 sedare
1014 2057 1099 2123 viros
1120 2058 1274 2142 ipsaeque
1297 2077 1459 2125 arcessere
1481 2066 1595 2143 gentes

823 2161 966 2227 subsidio
988 2181 1104 2227 rerum.
1151 2181 1211 2228 uec
1235 2161 1332 2229 duras
1355 2161 1482 2229 flectere
1503 2168 1627 2228 mentes

822 2272 878 2331 aut
899 2263 1023 2331 animos
1045 2264 1129 2330 alius
1152 2272 1262 2350 posset
1282 2266 1411 2352 placare
1434 2267 1567 2333 feroces.

823 2367 876 2434 hic
898 2373 1022 2454 poterat
1043 2367 1174 2434 rabidas
1196 2368 1303 2435 verbis
1325 2389 1550 2436 mansuescere
1572 2368 1673 2452 tigres

824 2479 920 2555 atque
942 2472 1027 2538 feros
1049 2472 1137 2537 facili
1159 2473 1304 2540 mulcens
1328 2491 1472 2540 sermone
1495 2474 1605 2538 leones

699 2593 728 2632 ..a
825 2582 1071 2661 serpentumque
1094 2575 1213 2641 malum
1237 2576 1332 2642 dictis
1355 2596 1464 2642 arcere
1487 2596 1656 2642 venenum.

825 2677 949 2744 distulit
970 2676 999 2743 is
1022 2678 1095 2744 lites
1117 2678 1244 2744 alterna
1265 2685 1355 2765 parte
1378 2679 1536 2760 furentes,

826 2780 1075 2867 compressitque
1097 2781 1190 2848 nefas
1212 2788 1245 2848 et
1265 2789 1393 2868 pactum
1415 2783 1564 2867 gentibus
1586 2781 1679 2848 auxit

826 2891 894 2951 arte
916 2906 1009 2950 nova.
1056 2905 1135 2968 quos
1158 2905 1256 2971 saepe
1278 2893 1399 2968 metus,
1426 2905 1505 2969 quos
1526 2886 1583 2952 ille
1605 2886 1730 2951 labores

827 2987 911 3053 iuter
932 2994 1101 3070 utrumque
1123 2988 1212 3072 tulit,
1238 2995 1344 3056 tantas
1367 2989 1442 3054 dum
1464 2988 1605 3055 flecteret
1626 2986 1707 3052 irasl

827 3113 884 3177 pro
905 3091 1011 3177 patria
1033 3091 1128 3157 libuit
1148 3098 1195 3158 tot
1217 3112 1317 3166 saeva
1338 3093 1482 3178 pericula
1504 3091 1599 3158 farre.

828 3194 1005 3279 composuit
1027 3201 1158 3277 gentes,
1184 3195 1366 3280 pariterque
1388 3196 1431 3261 ad
1453 3194 1577 3281 proclia
1597 3192 1705 3258 movit.

914 3296 1062 3363 convenit
1084 3317 1160 3382 ergo
1181 3296 1338 3381 fremens,
1364 3297 1462 3364 variis
1485 3302 1614 3361 umatus
1635 3295 1669 3360 iu
1692 3294 1806 3373 armis,

828 3399 1074 3482 innumerasque
1097 3400 1185 3467 acies
1206 3402 1387 3468 Maurorum
1410 3401 1443 3465 in
1466 3399 1589 3485 proclia
1611 3397 1721 3465 ductor

828 3504 949 3570 Casina
970 3503 1055 3569 fidus
1077 3505 1154 3588 agit.
1203 3505 1368 3572 commotis
1390 3504 1497 3570 omnia
1519 3501 1630 3568 cannis

828 3627 907 3673 arva
928 3613 1071 3691 gemunt.
1118 3607 1258 3674 solidant
1279 3608 1361 3673 latos
1384 3605 1522 3690 vestigia
1544 3625 1684 3691 campos.

827 3710 884 3777 ille
908 3711 1007 3776 duces
1029 3710 1172 3796 proprios
1194 3710 1324 3796 triginta
1346 3710 1455 3776 fortior
1476 3715 1595 3788 armat;

828 3820 860 3879 et
882 3813 1028 3896 quamvis
1050 3833 1181 3880 numero
1202 3813 1326 3879 milleni
1348 3833 1505 3896 quemque
1527 3818 1718 3895 sequantur,

828 3915 980 3981 Romanis
1001 3916 1123 4000 gaudet
1144 3935 1216 3982 sese
1237 3924 1345 3982 tamen
1367 3935 1440 3982 esse
1462 3915 1649 3998 magistrum

828 4020 983 4086 militibus
1004 4019 1162 4104 medium,
1188 4039 1268 4103 quos
1290 4020 1437 4106 princepe
1459 4019 1619 4085 maximus
1641 4019 1727 4084 orbis

828 4124 898 4208 ipse
921 4123 1011 4191 dedit
1032 4123 1121 4209 pacis
1144 4123 1247 4189 socios
1270 4142 1461 4208 pugnaeque
1482 4122 1655 4189 ministros.

828 4228 894 4294 illis
916 4227 1017 4294 fretus
1038 4234 1123 4309 erat,
1149 4234 1324 4311 gentesque
1346 4234 1379 4293 et
1399 4226 1487 4292 bella
1510 4227 1670 4293 domabat.

914 4331 1002 4397 venit
1023 4330 1172 4397 lfisdaias
1194 4337 1319 4397 cantum
1343 4351 1415 4396 cnm
1438 4327 1567 4397 milibus
1588 4329 1722 4415 ardens,

828 4434 956 4500 Arsuris
979 4441 1011 4500 et
1033 4435 1115 4501 latos
1137 4434 1283 4520 implevit
1303 4441 1397 4500 tarne
1419 4451 1566 4519 campos;

828 4537 887 4603 sed
909 4557 1059 4604 uumerus
1080 4537 1196 4604 virtute
1218 4537 1332 4604 minor.
1376 4543 1484 4602 tamen
1507 4543 1597 4602 omat
1618 4533 1651 4601 in
1673 4536 1787 4618 armis,

721 4665 733 4702 a
829 4641 961 4708 hostiles
983 4641 1070 4708 acies
1092 4641 1164 4707 visu
1187 4647 1344 4725 terrente,
1371 4661 1429 4726 por
1450 4640 1559 4706 hostes

829 4745 952 4831 proelia
974 4745 1048 4811 dum
1071 4745 1206 4812 miscent
1229 4745 1338 4812 densis
1360 4745 1537 4831 asperrima
1559 4743 1643 4810 telis.

829 4850 1047 4931 aurdliumque
1070 4849 1160 4915 dedit
1180 4849 1276 4916 rebus
1299 4849 1474 4914 famulatus
1499 4847 1636 4929 laudas,

829 4973 900 5018 cum
924 4959 1000 5018 nato
1022 4953 1154 5018 comites
1176 4953 1226 5018 bis
1249 4952 1336 5018 senis
1358 4952 1487 5017 milibus
1510 4971 1649 5017 armans.

829 5055 936 5122 omnia
951 5062 1063 5122 castra
1084 5055 1179 5121 simul
1201 5057 1382 5141 praefectus
1404 5056 1524 5122 Bezina
1547 5055 1634 5120 ducit

686 5178 733 5221 rau
829 5159 1039 5240 conveniens,
1066 5178 1223 5243 agrosque
1246 5159 1314 5226 suis
1337 5159 1528 5244 pecuaribus
1548 5158 1672 5244 implet.
1708 5239 1710 5242 Ι

513 5403 562 5455 236
580 5404 731 5454 honorataT
800 5404 918 5466 queadd.
935 5403 1013 5452 Mosa.
1102 5402 1152 5452 239
1166 5417 1231 5452 more
1246 5404 1274 5464 Τ,
1289 5417 1346 5452 mox
1360 5403 1492 5453 anmaen
1579 5401 1627 5453 24³
1642 5401 1829 5452 etheluuldesl
1916 5400 2071 5466 24636611)-

443 5493 582 5553 tiaaartpal,
598 5493 692 5538 lunctls
707 5491 736 5548 Τ,
751 5491 830 5538 lancti
845 5490 934 5550 Meas,
954 5488 1044 5548 sedus.
1061 5489 1151 5539 thP.
1176 5491 1300 5539 V111179
1407 5489 1455 5539 256
1473 5490 1632 5538 arcessereT
1735 5487 1785 5538 266
1803 5489 1826 5536 ls
1837 5489 1895 5536 lites
1907 5489 2003 5551 scripsi,
2026 5490 2072 5537 ille

444 5581 471 5626 td
485 5581 501 5628 t.
516 5592 536 5626 e.
551 5579 595 5625 ille
608 5583 691 5625 tamen
706 5577 726 5623 Τ
830 5575 879 5624 tul
898 5589 979 5625 cosma
994 5575 1014 5621 Τ
1095 5577 1223 5624 commotis
1236 5577 1322 5635 Bella,
1337 5579 1491 5624 commmatio
1506 5576 1535 5634 Τ,
1550 5578 1724 5625 comitautlbus
1739 5575 1815 5623 Maca.
1898 5576 1974 5622 carris
1989 5573 2068 5624 Mosa.

444 5663 493 5713 268
513 5665 631 5722 magister
651 5663 671 5710 Τ
781 5661 830 5711 tte
849 5664 942 5711 arsuris
963 5661 993 5720 Τ,
1014 5661 1116 5709 Aurasii
1137 5660 1226 5724 Muza„
1246 5664 1353 5723 Arzugls
1372 5664 1457 5723 Haupt
1478 5662 1568 5723 opust.
1590 5663 1635 5708 111
1651 5664 1701 5709 616
1805 5659 1923 5723 impleuit
1941 5663 2013 5708 turus
2035 5663 2073 5720 (ia

443 5753 553 5810 masclae
571 5751 667 5811 cornua)
689 5762 786 5812 campos
807 5749 836 5806 Τ,
857 5761 955 5809 campos
973 5746 1110 5809 compleuit
1127 5753 1153 5796 et
1171 5761 1230 5796 arua
1249 5749 1326 5799 Musa.
1433 5747 1483 5798 att
1503 5753 1530 5797 tr'r
1549 5755 1621 5798 cruat
1642 5749 1671 5809 Τ,
1692 5754 1761 5796 tanta
1778 5752 1850 5796 ornat
1866 5747 1953 5795 malem
