4576 6428
619 407 719 462 PERS.
740 406 998 463 WANDALICAE
1017 409 1045 463 11
1064 409 1076 474 5
1095 412 1195 460 itti—iii
1219 410 1267 474 (lii
1287 426 1311 463 c.
1332 413 1419 474 o-c).
1787 415 1822 474 31

211 597 330 681 ambigi
353 599 437 664 ultra
460 618 520 663 non
543 597 660 682 possit,
688 597 728 662 de
751 597 803 664 dei
827 598 1007 664 substantia
1029 605 1137 665 natum
1160 616 1249 682 ease,
1275 619 1369 682 quem
1393 607 1516 668 constat
1541 601 1582 668 dc
1611 602 1710 687 patris
1740 607 1829 666 utero

212 700 368 766 extitisse.

298 803 387 868 VIII.
412 802 586 870 Credentes
602 823 678 886 ergo
693 803 788 870 deum
803 810 925 889 patrem
941 803 982 869 de
997 823 1056 868 sua
1071 804 1250 871 substantia
1267 805 1499 890 impassibiliter
1519 805 1619 872 filium
1642 823 1826 890 generasse,
1856 805 1896 867 73

213 925 274 971 non
290 905 425 972 dicimus
440 907 544 992 ipsam
559 907 769 973 substantiam
792 913 848 973 aut
868 906 1003 973 divisam
1027 924 1099 973 esse
1120 906 1154 972 in
1176 906 1242 973 lilio
1264 913 1321 973 aut
1343 907 1582 980 diminutionem
1604 909 1774 995 pertulisse
1795 909 1830 974 in

182 1015 314 1094 epatre,
340 1016 372 1075 et
393 1031 450 1094 per
471 1009 530 1075 hoc
551 1009 629 1075 vitio
651 1010 809 1095 passionis
831 1009 972 1095 potuisse
995 1009 1171 1076 subiacere.
1218 1011 1312 1078 Absit
1332 1011 1417 1077 enim
1439 1031 1460 1078 a
1481 1012 1592 1096 nobis,
1621 1019 1656 1078 ut
1677 1013 1756 1078 talia
1778 1013 1829 1078 vel

213 1112 378 1196 opinemur
399 1114 451 1178 vel
474 1113 652 1196 cogitemus
675 1113 715 1179 de
739 1113 810 1197 deo,
835 1113 911 1198 quia
932 1131 990 1179 nos
1012 1113 1186 1198 perlectum
1208 1121 1342 1200 patrem,
1368 1115 1542 1200 perfectum
1565 1115 1666 1181 filium
1688 1116 1759 1183 sine
1781 1116 1831 1181 sui

213 1214 440 1300 diminutione,
473 1216 542 1282 sine
571 1217 680 1300 aliqua
701 1216 915 1300 derivatione,
947 1217 1016 1282 sine
1038 1217 1123 1282 omni
1146 1217 1272 1284 omnino
1294 1219 1453 1304 passionis
1475 1219 1657 1285 infirmitate
1680 1219 1831 1302 genuisse

213 1318 351 1385 fideliter
371 1320 564 1405 profitemur.
610 1321 692 1385 Nam
715 1321 770 1404 qui
793 1320 890 1386 obicit
911 1319 983 1402 deo,
1008 1321 1094 1404 quia,
1121 1321 1211 1386 side
1234 1339 1269 1387 se
1290 1321 1361 1407 ipso
1382 1323 1503 1406 genuit,
1530 1323 1696 1390 divisionis
1718 1322 1831 1388 vitium

213 1423 359 1506 pertulit:
386 1429 490 1508 potest
508 1423 614 1489 dicere
629 1425 705 1508 quia
727 1430 760 1490 et
780 1424 921 1490 laborem
945 1423 1055 1506 sensit,
1081 1424 1208 1506 quando
1231 1424 1381 1491 universa
1403 1426 1555 1510 condidit,
1582 1432 1615 1492 et
1635 1427 1675 1492 ob
1697 1425 1756 1491 hoc
1779 1424 1831 1490 die

167 1543 195 1584 ιι
214 1525 351 1610 septima
379 1527 421 1591 ab
450 1527 535 1592 omni
565 1545 621 1593 suo
651 1547 746 1612 opere
775 1526 943 1609 requievit.
990 1526 1055 1592 Sed
1083 1547 1143 1593 nec
1171 1528 1205 1593 in
1231 1529 1415 1612 generando
1438 1528 1478 1595 de
1501 1549 1536 1594 se
1557 1530 1628 1615 ipso
1650 1527 1832 1615 passionem

213 1629 264 1694 vel
296 1627 535 1696 diminutionem
566 1631 708 1713 aliquam
735 1631 836 1696 sensit
855 1651 915 1696 nec
937 1631 971 1695 in
993 1629 1158 1696 condendo
1181 1631 1331 1697 universa
1353 1631 1574 1716 fatigationem
1595 1631 1737 1716 aliquam
1759 1651 1833 1716 per-

214 1731 297 1797 tulit
344 1733 489 1816 Namque
519 1741 554 1800 ut
581 1742 614 1799 et
643 1734 821 1800 evidentius
851 1735 943 1799 nobis
966 1733 1095 1800 diuinae
1116 1733 1332 1818 generationis
1353 1735 1584 1821 impassibilitas
1605 1735 1829 1816 insinuaretur,
1858 1734 1898 1796 74

214 1834 309 1900 deum
331 1855 371 1902 ex
394 1836 473 1918 deo,
507 1837 614 1902 lumen
644 1855 683 1902 ex
714 1837 833 1902 lumine
863 1836 964 1903 filium
984 1836 1196 1921 profitendum
1218 1837 1402 1922 accipimus.
1450 1838 1486 1904 Si
1507 1857 1583 1922 ergo
1604 1837 1639 1903 in
1661 1835 1834 1903 efficientia

214 1938 350 2004 visibilis
372 1959 410 2005 ae
432 1939 585 2005 mundani
607 1941 737 2006 luminis
758 1941 824 2006 talc
846 1939 970 2024 aliquid
992 1959 1055 2005 non
1076 1941 1255 2023 invenitur,
1288 1946 1324 2006 ut
1352 1942 1473 2008 lumine
1502 1961 1542 2008 ex
1564 1941 1685 2006 lumine
1708 1945 1832 2024 sumpto

166 2061 195 2100 ιι
214 2048 247 2108 et
267 2062 324 2126 per
345 2042 506 2124 quandam
528 2044 742 2127 generationis
763 2043 965 2110 nativitatem
987 2050 1106 2125 exorto,
1132 2043 1235 2128 ipsam
1258 2045 1388 2110 luminis
1410 2046 1583 2130 originem,
1616 2063 1699 2128 quae
1728 2063 1768 2109 ex
1797 2061 1833 2108 se

214 2144 323 2211 lumen
336 2145 425 2210 aliud
449 2145 546 2226 dedit,
572 2167 631 2212 nec
654 2146 777 2228 minuit,
803 2165 862 2212 nec
883 2147 975 2211 illum
997 2147 1123 2212 omuino
1145 2146 1367 2213 detrimentum
1391 2148 1622 2214 ministratici
1645 2166 1680 2213 se
1703 2143 1842 2212 luminis*

214 2248 337 2332 perpeti
358 2248 476 2333 potuit:
511 2257 628 2332 quanto
650 2250 768 2315 rectius
790 2256 822 2315 et
843 2249 958 2314 melius
981 2249 1022 2315 de
1044 2249 1144 2316 divini
1165 2258 1198 2316 et
1218 2251 1392 2317 ineffabilis
1415 2252 1545 2317 luminis
1566 2257 1680 2317 natura
1701 2249 1834 2316 creden-

215 2350 290 2416 dum
312 2358 377 2432 est,
411 2371 493 2435 quae
523 2373 563 2418 ex
593 2371 628 2418 se
650 2353 722 2437 ipsa
744 2351 851 2418 lumen
873 2372 1033 2436 generans
1055 2353 1156 2419 minui
1178 2355 1304 2420 omnino
1327 2376 1389 2420 non
1411 2355 1533 2440 potuiti
1569 2349 1660 2420 Vnde
1689 2352 1834 2437 aequalis

215 2460 264 2520 est
285 2455 368 2538 patri
389 2453 485 2536 filius,
511 2475 573 2522 non
595 2463 690 2520 natus
712 2476 753 2520 ex
775 2462 926 2541 tempore,
953 2456 1012 2521 sed
1027 2456 1171 2540 gignenti
1194 2465 1392 2542 coaeternus,
1418 2459 1501 2524 sicut
1522 2457 1674 2541 splendor
1695 2456 1736 2522 ab
1758 2455 1833 2540 igne

166 2577 195 2618 ro
216 2556 343 2639 genitus
372 2557 517 2642 gignenti
547 2558 770 2624 manifestatur
798 2578 991 2642 aequaevus.
1040 2555 1129 2625 Haec
1159 2560 1199 2627 de
1228 2559 1329 2646 patris
1359 2568 1392 2628 et
1420 2561 1485 2632 lilii
1500 2559 1696 2642 aequalitate
1717 2558 1769 2624 vel
1793 2555 1833 2624 dc

215 2661 412 2728 substantiae
435 2661 566 2744 unitate,
592 2668 745 2743 quantum
768 2662 934 2728 brevitatis
957 2663 1036 2729 ratio
1059 2663 1144 2746 sivit,
1171 2663 1292 2730 dixIsse
1313 2663 1462 2731 sufficiat.

299 2765 359 2829 IX.
391 2765 544 2850 Superest
565 2771 600 2831 ut
622 2765 662 2831 de
685 2764 798 2850 spiritu
822 2771 949 2847 sancto,
978 2785 1071 2848 quem
1094 2767 1177 2852 patri
1199 2787 1238 2833 ac
1259 2765 1326 2833 filio
1347 2766 1640 2834 consubstantivum
1662 2763 1831 2847 eredimus,
1860 2768 1900 2829 75

216 2868 421 2953 coaequalem
438 2875 471 2934 et
485 2875 699 2952 coaeteruum,
726 2868 870 2935 dicamus
893 2876 925 2936 et
945 2868 1135 2936 testimoniis
1156 2870 1381 2955 adprobemus.
1422 2871 1514 2936 Licet
1535 2869 1619 2935 enim
1642 2869 1723 2934 haec
1737 2883 1835 2932 vene-

215 2971 317 3038 randa
338 2972 464 3039 trinitas
486 2972 631 3057 personis
652 2992 691 3038 ac
712 2972 892 3038 nomiuibus
915 2972 1066 3039 distincta
1088 2973 1138 3054 sit,
1164 2980 1349 3040 nontamen
1371 2975 1411 3041 ob
1433 2974 1494 3040 hoc
1515 2993 1535 3039 a
1558 2992 1592 3039 se
1614 2978 1710 3056 atque
1733 2992 1754 3036 a
1776 2987 1835 3034 sua

166 3095 196 3135 ιι
215 3075 403 3141 aeternitate
419 3075 601 3161 discrepare
623 3075 786 3142 credenda
800 3081 865 3142 cst:
893 3077 951 3142 sed
971 3094 1106 3142 manens
1128 3084 1202 3144 ante
1224 3079 1356 3144 saecula
1371 3077 1523 3144 divinitas
1545 3077 1579 3142 in
1601 3082 1693 3173 patre
1715 3079 1748 3140 et
1768 3073 1834 3140 lilio

215 3185 248 3245 et
262 3179 374 3265 spiritu
390 3187 499 3246 saneto
514 3200 589 3246 vere
604 3199 643 3246 ac
657 3180 784 3266 proprie
799 3177 948 3262 creditur,
974 3199 1033 3247 uec
1048 3179 1149 3246 dividi
1164 3181 1280 3247 nostris
1301 3179 1616 3266 interpretationibus
1637 3183 1751 3264 potest,
1776 3196 1836 3243 nec

215 3300 322 3348 rursus
346 3301 440 3348 versa
461 3284 495 3349 in
517 3303 613 3350 unam
635 3301 803 3368 personam
825 3284 951 3349 minitas
972 3283 1045 3369 ipsa
1066 3283 1229 3350 conlundi.
1276 3285 1366 3350 Haeo
1388 3284 1468 3351 fides
1491 3284 1598 3370 plena,
1624 3282 1705 3348 hacc
1727 3286 1835 3346 nostra

215 3385 389 3452 credulitas
418 3393 475 3452 est.
524 3386 646 3453 Idcirco
677 3386 756 3452 deos
785 3405 844 3452 nec
873 3386 1061 3452 existimari·
1078 3388 1216 3472 patImur
1243 3407 1304 3454 nec
1325 3388 1449 3470 vocari,
1482 3387 1660 3453 sedunum
1683 3381 1834 3450 deumin
1861 3387 1901 3449 76

214 3489 386 3574 praedictis
408 3489 552 3574 personis
573 3509 612 3555 ac
634 3489 815 3556 nominibus
837 3491 1033 3556 confitemur.
1073 3490 1300 3556 InenarrabiIIs
1323 3490 1407 3556 enim
1431 3489 1583 3556 diviuitas
1605 3507 1678 3572 non,
1702 3494 1738 3553 ui
1759 3502 1835 3553 con-

164 3613 194 3652 eo
215 3592 300 3659 cludi
313 3601 378 3659 aut
399 3593 598 3679 adprehendi
619 3594 672 3660 vel
694 3594 859 3661 vocabulis
881 3594 991 3679 possit,
1017 3593 1100 3659 iutra
1121 3593 1250 3659 nomina
1271 3611 1487 3680 personasque
1510 3611 1545 3659 se
1567 3587 1742 3677 praestitit:
1774 3589 1833 3656 sed

216 3704 251 3764 ut
270 3697 305 3763 id
328 3698 413 3782 quod
435 3704 503 3764 erat
525 3717 597 3764 esse
627 3705 828 3782 nosceretur,
860 3697 1114 3782 intellegentiam
1137 3697 1187 3763 sui
1210 3717 1249 3764 ex
1272 3704 1380 3782 parte,
1412 3715 1508 3782 quam
1531 3713 1645 3781 capere
1674 3693 1834 3759 humanae

285 3991 295 4040 1
316 3999 400 4054 posset
417 3993 455 4042 cd.
477 3993 552 4041 Ituin.
660 4007 691 4041 ex
710 3994 789 4054 patris
807 3993 844 4041 ed.
866 3993 941 4041 Boin.
1048 3993 1063 4040 3
1082 3991 1271 4054 impossibiliter
1289 3992 1319 4052 R,
1340 3991 1540 4053 inseparabiliter
1555 4007 1583 4054 p,
1602 3989 1782 4054 lupassibiiiter
1800 4025 1830 4040 ..

214 4079 295 4140 ipsam
315 4080 478 4128 substantiam
497 4081 583 4128 ocari
690 4077 752 4127 lin
771 4086 893 4140 parremp
999 4079 1096 4126 bultio
1113 4079 1236 4140 passionis
1254 4078 1417 4140 potuisscri:
1436 4078 1559 4140 passionIs
1576 4081 1628 4140 pot.
1648 4075 1833 4138 uitioBLIth

213 4169 236 4211 et
252 4165 328 4225 culpo
430 4165 552 4213 aom.It
656 4166 828 4226 brogitemus
845 4168 910 4213 mci:
932 4167 1067 4227 cogitemus
1086 4165 1127 4212 uei
1145 4166 1273 4214 credamus
1291 4164 1328 4213 ed.
1349 4164 1425 4213 bem.
1532 4163 1716 4212 Idirinatioue
1735 4161 1798 4223 ABp

214 4253 281 4300 omni
298 4253 389 4300 cruat
512 4251 606 4313 Squia
624 4254 645 4299 ei
664 4252 696 4300 de
715 4265 741 4301 se
759 4253 815 4312 ipso
834 4252 912 4314 Allp:
932 4253 975 4314 qui
993 4251 1023 4299 de
1042 4252 1095 4314 ipso
1113 4249 1189 4312 BLV,
1211 4249 1278 4314 qnod
1297 4252 1319 4298 si
1337 4249 1368 4300 de
1387 4264 1413 4298 ae
1431 4251 1449 4300 i.
1469 4249 1507 4299 cd.
1527 4249 1603 4299 Rutu.
1725 4246 1785 4296 9et
1801 4247 1832 4295 ab

214 4337 259 4385 lroc
278 4337 324 4383 ΒΥ
446 4337 476 4386 ic
494 4349 567 4399 opere
584 4349 629 4386 suo
648 4338 686 4399 Rp
799 4339 898 4400 quieuit
916 4339 938 4384 A
956 4341 982 4386 ba
1000 4340 1071 4386 initio
1088 4340 1146 4385 uoci
1163 4336 1221 4398 folii
1343 4333 1369 4384 ii
1391 4337 1417 4384 in
1435 4349 1520 4396 onap
1632 4333 1798 4384 condendalt

214 4425 322 4486 aliquam
341 4425 429 4472 om.V
550 4423 580 4472 12
599 4428 628 4472 ut
646 4428 672 4472 et
689 4425 796 4473 BLItV:
815 4429 844 4473 ut
863 4426 902 4486 Ap
1005 4424 1190 4487 passibilitasp
1293 4424 1465 4472 insinuaretur
1481 4425 1544 4470 mei:
1563 4423 1774 4471 demonstraretur
1791 4419 1830 4469 ed.

215 4510 290 4560 Boin.
416 4508 447 4559 13
466 4510 498 4560 de
515 4509 604 4558 deoV
716 4509 861 4558 delumine
882 4511 918 4572 Vp
1033 4511 1168 4571 accipimus
1187 4510 1225 4556 A:
1244 4509 1387 4573 accepimus
1404 4510 1458 4558 rati.
1477 4511 1530 4556 asoti
1548 4511 1570 4558 ci
1586 4509 1661 4568 culpo
1775 4505 1830 4554 cit-

215 4597 308 4646 eientii
324 4599 346 4644 A
453 4595 483 4645 ii
502 4597 612 4645 uisIbilis
630 4597 733 4646 luminis
750 4598 872 4658 mundip
976 4611 1025 4646 non
1043 4597 1175 4645 inuenitur
1194 4595 1301 4645 ABLV:
1321 4596 1452 4644 inuenitur
1470 4595 1508 4655 Rp
1526 4597 1549 4642 ct
1566 4595 1639 4654 miluo
1746 4589 1775 4642 15
1794 4593 1832 4654 ip·

215 4695 266 4730 sam
284 4684 301 4733 1,
321 4684 441 4743 empnam
460 4682 590 4732 ABLRV:
615 4684 694 4745 ipsam
713 4681 731 4731 1.
751 4695 871 4742 generans
890 4683 1010 4742 originem
1027 4693 1054 4743 p,
1075 4682 1129 4743 ipsa
1146 4681 1162 4729 1.
1184 4681 1249 4741 origo
1266 4679 1305 4729 ed.
1326 4681 1402 4730 Rutu.
1527 4678 1558 4728 16
1576 4680 1668 4728 minuit
1686 4680 1725 4727 A:
1750 4679 1832 4727 mtnui

213 4771 266 4818 rell.
286 4772 340 4818 nott
357 4774 378 4818 ei
395 4770 484 4830 culum·
503 4775 538 4817 cst
555 4768 721 4818 aasocoiutbou
738 4771 765 4816 in
782 4771 914 4816 sententiae
931 4767 1133 4829 consummitate,
1154 4781 1210 4814 cum
1227 4769 1263 4813 iic
1281 4766 1394 4827 temtatur
1411 4770 1504 4828 auctor,
1525 4768 1595 4828 pacat
1612 4766 1656 4814 itio
1674 4764 1746 4813 carbo
1767 4765 1830 4814 ‘uon

213 4856 343 4904 Inuenitur
360 4852 400 4904 ut’
419 4869 471 4904 nora
488 4859 661 4905 antecesserint
667 4872 676 4913 ,-
701 4857 823 4904 sententio
840 4857 904 4903 cuim
923 4853 980 4903 boec
997 4852 1110 4903 uidetur:
1135 4853 1202 4900 siin
1221 4851 1356 4901 eitlcientia
1374 4851 1494 4900 mundani
1512 4852 1618 4900 luminis
1636 4852 1722 4900 lumen
1740 4865 1772 4900 ex
1789 4839 1838 4899 iul

214 4944 281 4992 mine
300 4947 428 5004 sumptum
445 4943 526 5004 ipsam
545 4941 649 4990 lumime
668 4942 788 5002 orIginem
808 4942 834 5002 ii.
855 4955 876 4990 c.
897 4941 981 4991 lumen
1001 4939 1154 5002 primarium)
1176 4951 1222 4986 nec
1240 4939 1333 4986 mirtuIt
1350 4951 1397 4986 neo
1414 4937 1478 4986 illud
1497 4974 1527 4987 ..
1548 4937 1726 4990 detrimentum
1744 4951 1832 5001 capere

214 5030 297 5091 patuli
314 5032 359 5078 etc.
477 5028 548 5077 illum
571 5028 596 5086 (l.
616 5041 637 5075 e.
657 5027 729 5089 Illud)
751 5027 788 5074 A.-
808 5027 887 5075 ullum
906 5028 960 5078 cell.
980 5029 1032 5075 noti
1049 5030 1072 5075 ct
1089 5027 1165 5086 utslpo
1288 5023 1319 5073 18
1336 5037 1401 5087 quae
1419 5023 1549 5072 ABLBV:
1568 5024 1634 5086 qued
1649 5039 1668 5086 p
1684 5029 1707 5073 et
1724 5025 1799 5085 culpo

216 5115 246 5164 19
264 5119 336 5178 pater
353 5119 379 5162 et
396 5115 465 5162 ilius
483 5115 505 5160 ri
609 5111 770 5174 gignendiL
872 5113 968 5173 ignill
1072 5111 1105 5161 21)
1123 5110 1276 5172 gigniruai,
1378 5109 1554 5158 manifestetur
1571 5107 1637 5172 th,
1658 5102 1832 5160 manircattmr

215 5204 236 5250 ri
258 5201 280 5258 (a
297 5199 393 5249 uidetur
410 5200 439 5248 ub
458 5199 541 5250 cedern
558 5212 635 5248 monia
652 5199 709 5260 csse)
826 5213 968 5262 aequaeuus
987 5200 1110 5248 Ruiuori:
1130 5200 1258 5261 aequebus
1278 5199 1308 5257 Α,
1330 5198 1436 5264 equibus
1454 5197 1509 5256 BV,
1528 5209 1636 5246 coaeuus
1654 5197 1701 5258 sp,
1721 5193 1832 5260 aequalis

214 5287 235 5334 L
339 5287 375 5333 illl
394 5287 441 5333 BV
560 5283 589 5334 21
610 5285 770 5333 breuitaiiri
875 5286 937 5334 siuit
956 5285 1039 5334 BEV:
1059 5287 1106 5335 eibi
1126 5286 1157 5346 A,
1178 5285 1241 5332 sinit
1260 5283 1297 5345 Lp
1417 5282 1450 5332 22
1469 5283 1546 5332 uide
1565 5282 1831 5344 submersitque

213 5373 245 5421 de
264 5374 305 5435 (ex
325 5373 354 5434 Iti
376 5373 415 5433 Itp
553 5372 786 5421 consubstantiuum
806 5371 934 5420 Anenvv
965 5371 1199 5422 consubstantialem
1221 5375 1279 5431 pat
1296 5371 1370 5431 culpo
1507 5367 1539 5418 23
1562 5370 1728 5432 adprcuemus
1752 5369 1800 5417 BV

214 5459 246 5508 24
263 5458 428 5508 bacnominis
441 5458 494 5506 BV¹
599 5460 659 5508 dist.
674 5459 739 5519 estp
843 5465 975 5520 atquesua
988 5460 1010 5505 A
1114 5453 1330 5524 assequens
1434 5456 1575 5505 axiaumari
1588 5455 1642 5517 Rp:
1661 5455 1785 5504 aestimari
1798 5455 1829 5538 li,

213 5547 329 5594 emimus
348 5545 418 5593 BLV
528 5557 574 5593 nec
591 5545 673 5593 uocari
691 5557 738 5592 orn.
761 5543 798 5605 llp
920 5543 954 5593 29
971 5550 1000 5593 ut
1017 5558 1100 5605 nonp
1221 5542 1447 5604 :repraehendit
1549 5542 1592 5590 uel
1610 5542 1718 5590 ABRV:
1737 5555 1785 5590 om.
1802 5556 1828 5620 p,

213 5633 285 5682 uelut
303 5631 323 5678 L
341 5636 364 5679 ai
381 5632 456 5692 culpo
576 5632 655 5694 pessit
674 5630 752 5692 Aicp:
771 5636 855 5693 posset
872 5631 945 5680 BLV
959 5637 982 5679 ct
998 5633 1072 5692 malco
1193 5631 1260 5677 inter
1284 5629 1319 5689 Vp
1440 5629 1579 5677 nominatas
1596 5637 1714 5692 personas
1732 5641 1787 5680 sese
1802 5641 1829 5690 p,

215 5721 314 5769 uomina
331 5731 434 5782 persons
451 5732 515 5782 quae
533 5731 559 5765 ac
582 5714 610 5764 V¹
715 5714 743 5764 31
766 5716 790 5764 id
809 5731 857 5765 orn.
878 5717 916 5780 Ilp
1019 5715 1250 5778 intelligentiarud
