4508 6434
400 5181 447 5222 ³2⁵

718 427 948 486 IOHANNIDOS
967 429 1037 486 LIB.
1058 430 1121 486 VlI.
1144 430 1214 496 (Vll.

631 617 742 684 ductor
764 626 798 685 ut
818 620 994 686 innumeris
1016 619 1154 684 firmavit
1175 620 1287 685 robora
1309 619 1438 702 turmis,

545 720 639 806 signa
660 730 784 805 movet,
810 730 986 806 gentesque
1008 723 1094 789 feras
1117 721 1269 788 diffundit
1291 730 1326 789 ut
1346 741 1475 804 amnes,

545 825 670 910 proelia
692 825 773 892 dura
794 834 917 911 petens.
964 827 1086 912 campis
1109 826 1358 893 Mammensibus
1380 827 1501 892 Austur

544 927 665 992 rustica
686 926 827 996 funereis
850 929 1012 994 sternebat
1035 949 1166 1014 corpora
1187 925 1279 1012 telis,

546 1030 678 1114 Byzacii
700 1039 823 1117 partem
845 1033 973 1118 rapiens
995 1032 1210 1118 praedamque
1233 1031 1418 1098 secundam.

544 1134 681 1200 Autalas
704 1155 812 1201 rursus
834 1137 997 1221 preprium
1018 1142 1085 1202 tum
1108 1136 1256 1203 iunxerat
1277 1157 1393 1220 agmen

545 1237 689 1324 partibus
712 1237 875 1320 adversis,
902 1257 1037 1322 seseque
1059 1239 1093 1305 in
1114 1239 1203 1304 belle
1224 1238 1356 1305 ferebat.

545 1341 658 1407 nuntie
679 1342 827 1428 pennatis
850 1349 961 1409 ventes
983 1344 1220 1408 transverberat
1241 1343 1320 1422 elis,

545 1445 672 1530 Syrtica
693 1453 798 1512 castra
820 1453 950 1532 petens,
977 1445 1136 1512 venientis
1158 1446 1246 1511 fama
1267 1446 1422 1528 magistri.
1488 1513 1489 1516 ,

545 1556 660 1616 cuncta
682 1571 739 1636 per
760 1571 817 1616 ora
838 1550 937 1616 volat.
984 1549 1122 1616 tumidos
1144 1550 1237 1616 mcdc
1260 1549 1383 1615 territat
1404 1549 1513 1614 hostes

544 1673 660 1740 aspera
682 1655 780 1721 verba
802 1673 939 1738 canens,
965 1661 1136 1736 tantasque
1158 1653 1201 1718 ad
1223 1653 1345 1738 proelia
1366 1660 1479 1736 gentes

545 1757 705 1843 praesidio
727 1758 855 1824 venisse
879 1757 987 1840 ducis,
1013 1757 1106 1824 modo
1129 1756 1265 1822 concitat
1285 1756 1367 1837 iras,

546 1862 621 1928 dum
644 1863 732 1928 ferus
753 1862 900 1928 imbelles
922 1863 1058 1929 Asteles
1080 1883 1153 1929 esse
1175 1867 1320 1928 catervas

545 1966 745 2047 Maurorum,
772 1964 874 2048 signis
895 1966 949 2048 qui
972 1984 1007 2031 se
1029 1966 1162 2032 iunxere
1186 1964 1327 2046 Latinis,

545 2075 613 2134 arte
636 2069 735 2134 refert
756 2069 861 2134 sulita.
908 2070 1070 2136 Oarcesan
1091 2069 1205 2135 obvius
1226 2069 1273 2134 ire

545 2178 621 2238 tunc
642 2173 743 2238 voluit
765 2172 902 2238 fervens.
950 2181 1079 2238 revocet
1101 2172 1279 2238 Guenfeius
1301 2171 1401 2238 bostis

546 2275 687 2341 masiliis
709 2276 878 2359 verbisque
900 2275 1029 2342 docens.
1076 2275 1157 2342 baec
1177 2276 1309 2360 insuper
1330 2274 1431 2342 addit.

549 2379 692 2445 ‘vincere
716 2380 744 2445 si
766 2379 894 2464 quaeris
916 2379 1092 2462 Romanos,
1118 2379 1257 2446 maxime
1279 2385 1398 2462 rector,

545 2482 655 2567 accipe
678 2481 765 2549 dicta
787 2482 908 2564 libens,
934 2503 1017 2566 quae
1040 2483 1103 2550 sint
1122 2483 1327 2568 peragenda,
1354 2483 1477 2550 salutis.

546 2605 608 2650 non
631 2605 711 2670 opus
733 2593 783 2652 est
803 2586 875 2652 istis
897 2587 1093 2654 committere
1115 2585 1238 2672 proelia
1259 2585 1362 2652 terris.

545 2686 635 2753 fortis
657 2688 761 2754 adbuc
783 2689 877 2754 miles
899 2689 996 2755 nullis
1019 2709 1191 2757 concussus
1214 2695 1246 2755 et
1268 2708 1363 2774 asper

545 2791 652 2856 exitiis
674 2792 840 2877 perbelle
861 2792 948 2859 furit.
994 2813 1055 2859 nec
1075 2795 1177 2859 Marte
1199 2792 1341 2859 furentes

545 2894 629 2960 ferre
651 2895 767 2979 quibus
789 2896 916 2980 populis
939 2897 1057 2981 puteris
1079 2917 1138 2962 uec
1161 2902 1246 2962 stare
1269 2895 1392 2960 Latinis

545 3004 620 3064 aute
642 2998 771 3064 famem.
819 2998 877 3065 sed
900 3005 1005 3065 castra
1025 3021 1136 3082 move,
1163 3006 1309 3084 retroque
1331 2998 1464 3083 fugaces

545 3100 630 3185 finge
652 3102 733 3168 vias.
780 3103 923 3184 sequitur
944 3110 1069 3169 nostras
1092 3103 1251 3169 exercitus
1273 3103 1388 3186 ingens

545 3204 664 3290 quippe
685 3203 792 3287 luges.
839 3225 1048 3289 quaecunque
1070 3205 1191 3288 virent,
1218 3206 1396 3272 attrivimus
1418 3227 1506 3272 arva.

544 3314 595 3373 ast
616 3307 666 3372 illi
687 3307 767 3373 nihil
789 3307 970 3374 invenient:
998 3316 1054 3374 aut
1076 3309 1237 3394 spargitur
1258 3309 1359 3376 bostis

543 3417 600 3477 aut
622 3410 708 3477 fame
731 3410 867 3478 deficiet.
915 3412 984 3478 fera
1005 3419 1080 3479 tuuc
1102 3413 1130 3478 si
1151 3412 1274 3497 proelia
1294 3420 1448 3499 temptes,

544 3514 646 3580 victor
667 3516 748 3597 eris,
775 3515 937 3600 victosque
960 3514 1062 3582 fames
1085 3516 1266 3598 semumque
1288 3516 1442 3583 necabit'.

630 3617 798 3684 eonsilium
820 3618 933 3684 infelix
955 3619 1092 3703 placuit,
1119 3618 1286 3703 fossasque
1309 3619 1437 3685 levavit.

542 3718 720 3803 insequitur
740 3720 831 3787 fortis
852 3721 1010 3805 fugientia
1032 3729 1137 3788 castra
1158 3721 1327 3806 magister,

542 3822 745 3906 ingeminans
767 3823 828 3890 iter
849 3845 942 3891 omne
964 3845 1067 3892 suum.
1114 3825 1179 3890 iam
1200 3824 1364 3910 proximus
1385 3825 1469 3892 hosti

542 3926 665 4011 proelia
687 3929 864 4012 temptabat
885 3929 999 3995 iunctis
1021 3929 1216 3996 committere
1239 3929 1350 4014 signis.

543 4029 602 4095 sed
623 4030 700 4112 quia
721 4028 843 4097 ducturi
866 4031 1002 4098 necdum
1025 4040 1225 4098 concesserat
1247 4032 1373 4114 boram,

543 4133 668 4200 distulit
689 4155 778 4200 arma
800 4134 880 4201 deus
901 4134 1087 4201 melioribus
1109 4144 1188 4221 apta
1209 4135 1389 4221 triumphis.

542 4235 682 4322 namque
702 4257 760 4323 per
782 4245 932 4304 extensos
953 4239 1132 4322 pergebant
1152 4237 1283 4322 agmina
1304 4257 1451 4323 campos,

541 4341 649 4425 pulvis
672 4348 705 4407 et
725 4339 854 4406 adversi
876 4341 1053 4425 apparebat
1075 4342 1192 4424 certius
1213 4342 1314 4408 hostis

543 4442 631 4508 haud
652 4444 762 4529 procul
785 4462 857 4510 esee
880 4444 968 4509 viris.
1016 4445 1116 4511 virtus
1139 4445 1302 4511 crescebat
1324 4443 1448 4510 acerbis

543 4545 719 4627 mentibus,
746 4553 779 4612 et
799 4566 940 4631 pugnam
962 4547 1028 4613 iam
1050 4547 1115 4614 iam
1136 4554 1293 4634 temptare
1316 4547 1490 4633 parebant,

543 4668 615 4713 curn
637 4649 741 4715 subito
764 4649 921 4716 calefacta
943 4649 1023 4717 dies.
1070 4671 1144 4716 uam
1166 4651 1314 4716 Phoebus
1336 4650 1462 4716 anhelis

524 4751 636 4816 ¹altior
656 4752 725 4818 ibat
746 4753 854 4836 equis,
881 4755 988 4820 medic
1009 4755 1142 4820 libratus
1165 4754 1198 4820 in
1219 4774 1297 4836 axe,

544 4853 686 4920 vindicat
708 4856 820 4921 umbra
842 4854 923 4922 duas
946 4857 1155 4941 breviorque
1177 4864 1319 4943 tempore
1341 4856 1478 4942 plantas.

542 4957 671 5024 Africus
691 4957 871 5042 ignivomus
892 4966 1057 5043 terrasque
1079 4981 1212 5027 exurere
1233 4959 1343 5028 flabris

542 5061 670 5146 incipit,
696 5067 729 5127 et
750 5062 863 5148 populi
884 5063 969 5128 vires
992 5063 1155 5148 furiasque
1177 5065 1319 5131 resolvit.

543 5161 672 5230 flamine
694 5172 807 5230 cuncta
828 5165 934 5249 rigent
954 5166 1048 5252 igniti
1070 5187 1203 5254 corpora
1224 5167 1321 5236 venti.

160 5443 162 5448 .
227 5405 272 5456 281
295 5409 379 5455 rcbcra
399 5407 488 5468 Musa,
508 5409 592 5456 robure
613 5408 641 5469 T,
662 5407 697 5468 cs.
714 5409 813 5474 lvccc
917 5409 965 5458 282
984 5417 1013 5459 ut
1032 5411 1128 5471 Maza,
1150 5413 1193 5460 ubl
1214 5413 1235 5459 T
1339 5410 1387 5460 285
1407 5413 1490 5460 bisatil
1509 5413 1530 5459 T
1634 5411 1684 5461 280
1702 5415 1775 5461 iuxe-

158 5499 197 5540 ιιι
217 5493 237 5539 T
341 5491 390 5541 203
409 5495 516 5542 urnulas
531 5495 552 5541 T
655 5492 705 5542 290
724 5497 826 5542 lunserc
840 5495 860 5542 T
965 5493 1013 5545 300
1031 5499 1090 5546 istls
1104 5497 1194 5559 Maza,
1214 5497 1255 5546 his
1270 5497 1290 5544 T
1394 5498 1443 5547 304
1463 5499 1551 5546 tamem
1568 5497 1596 5556 T,
1618 5499 1681 5546 tame
1695 5487 1771 5547 Mara.

159 5577 207 5626 307
227 5585 267 5626 nst
286 5579 315 5638 T,
335 5586 379 5627 aut
399 5578 487 5638 lilaea,
508 5587 534 5627 st
551 5581 572 5627 si
592 5579 666 5629 Belelr.
789 5578 839 5628 008
857 5586 901 5628 aut
918 5582 983 5631 inme
999 5583 1100 5632 deficiet
1120 5583 1149 5644 T,
1169 5584 1320 5646 deficietque
1338 5585 1403 5632 lame
1421 5583 1491 5631 lllnsz

1623 5585 1672 5633 313
1691 5593 1774 5632 tenta-

160 5665 201 5712 bat
219 5665 305 5724 Belle,
325 5665 490 5714 terrubantT
594 5665 643 5714 ³14
663 5679 728 5713 crum
744 5665 764 5712 T
868 5665 918 5715 ³15
936 5669 1096 5732 aptaMcaa„
1116 5670 1205 5717 actuT
1310 5667 1359 5718 ³19
1377 5670 1495 5731 pugnsT
1599 5669 1643 5720 321
1667 5673 1774 5720 anemT

160 5749 209 5798 322
227 5751 339 5812 planctus
360 5750 380 5796 T
484 5751 687 5814 aucreceptus*
790 5751 840 5802 325
858 5766 957 5816 corpore
978 5754 999 5800 T

236 5848 354 5890 cauturus.

1537 5858 1567 5908 12
