4508 6434
1209 414 1356 470 00R1P1‘1

855 604 1058 689 audacesque
1082 605 1187 671 simul.
1235 607 1352 672 multos
1374 627 1449 672 nam
1472 626 1569 691 saepe
1592 606 1714 673 revisit.

806 779 816 809 ,γ
855 713 887 773 et
909 708 1020 791 quanti
1043 729 1084 774 ex
1105 709 1184 794 ipsis
1206 709 1348 792 palmam
1371 727 1537 794 sumpsere
1560 709 1705 794 periclisl

856 815 890 875 ut
913 808 1006 876 decet
1028 831 1100 878 esse
1122 810 1239 892 duces,
1265 811 1350 878 cauti
1373 811 1534 896 fortesque
1556 819 1725 898 trucesque

855 913 986 998 pandite
1009 914 1144 998 quisque
1166 933 1243 980 suas
1265 915 1344 981 belli
1365 914 1397 979 in
1422 914 1604 982 discrimine
1628 916 1722 982 vires.

856 1016 898 1082 sit
920 1018 1010 1082 labor
1031 1017 1088 1083 ille
1111 1018 1239 1084 animis.
1285 1018 1373 1085 acies
1396 1018 1573 1104 componite
1596 1019 1726 1102 tunnis,

856 1127 1033 1202 cunctaque
1057 1121 1221 1206 dispositis
1243 1120 1393 1188 incedant
1415 1121 1508 1204 signa
1531 1122 1692 1207 maniplis.

857 1222 937 1290 haec
960 1224 1002 1290 sit
1023 1224 1195 1310 praecipue
1217 1224 1334 1290 summi
1356 1226 1483 1292 cautela
1506 1226 1642 1296 laboris,

856 1326 916 1393 has
938 1327 1056 1410 vigiles
1078 1335 1204 1396 servate
1227 1329 1325 1395 vices.
1373 1328 1425 1394 hia
1448 1329 1575 1394 vincitis
1599 1331 1719 1396 hostes.

856 1429 967 1496 ordine
990 1430 1124 1516 quisque
1148 1451 1205 1498 suo
1228 1431 1424 1518 praecedant
1446 1439 1552 1499 castra
1574 1432 1710 1514 tribuni,

854 1533 1079 1617 interdumque
1100 1533 1218 1618 duces,
1244 1541 1413 1620 suspectas
1435 1555 1588 1618 quaerere
1611 1536 1715 1602 valles

855 1643 887 1703 et
909 1635 1022 1703 faciles
1045 1643 1209 1722 praestare
1231 1637 1311 1703 vias.
1360 1637 1519 1705 exercitus
1542 1639 1645 1704 omnis

854 1739 906 1804 his
928 1759 1059 1807 securus
1082 1740 1158 1823 erit,
1185 1749 1313 1808 cautum
1337 1760 1395 1807 nec
1417 1741 1583 1826 praevenit
1605 1742 1707 1808 hostis

855 1843 1086 1927 vallatumque.
1132 1843 1199 1909 suis
1222 1851 1255 1910 at
1278 1844 1306 1909 si
1328 1843 1633 1922 Maurusiabellum

857 1945 1025 2013 fraudibus
1048 1946 1180 2013 occultis
1202 1947 1290 2013 acies
1312 1954 1444 2014 assueta
1466 1948 1611 2033 parabit,

855 2049 986 2116 nuntius
1008 2057 1082 2117 ante
1105 2050 1186 2116 levis
1209 2058 1334 2117 nostras
1357 2050 1503 2138 deportet
1524 2051 1567 2117 ad
1590 2073 1685 2118 aures

856 2160 965 2220 vectus
988 2174 1087 2238 equo,
1113 2161 1287 2236 canusque
1310 2153 1387 2220 facit
1409 2174 1580 2240 properare
1603 2156 1758 2222 cobortes.

855 2255 917 2322 hoc
938 2263 1081 2338 servate,
1108 2257 1217 2324 duces.
1267 2277 1376 2324 veram
1399 2263 1526 2343 sperata
1549 2257 1711 2325 salutam'.

941 2355 1072 2426 dixerat
1090 2360 1170 2427 bueo
1193 2360 1320 2442 ductor,
1348 2361 1447 2427 latum
1470 2381 1542 2427 cum
1566 2362 1696 2429 vocibus
1718 2383 1834 2446 agmen

854 2464 1058 2546 consequitur
1080 2462 1183 2529 lestis.
1229 2464 1364 2530 laudant
1387 2463 1606 2550 plauduntque
1628 2464 1801 2549 faventque

855 2567 1063 2651 exultantque
1085 2566 1202 2632 animis
1224 2573 1255 2633 et
1279 2567 1355 2632 laeti
1377 2567 1465 2632 iussa
1488 2566 1661 2635 facessunt.

1034 2937 1195 3037 LIBER
1228 2936 1530 3037 SECVNDVS.

944 3152 1078 3218 Pellitur
1098 3152 1220 3218 interea
1243 3152 1365 3219 cunctis
1389 3159 1530 3219 »rasator
1552 3155 1592 3220 ab
1616 3155 1688 3230 oris}

858 3255 1005 3337 Maurus,
1033 3263 1065 3322 et
1087 3254 1221 3322 adverso
1244 3255 1389 3342 trepidus
1413 3257 1554 3323 calcatur
1575 3258 1616 3322 ab
1640 3257 1742 3323 hoste.

858 3358 978 3426 deserit
1000 3361 1149 3426 obsessae
1171 3358 1300 3444 fugiens
1323 3360 1512 3426 conterritus
1535 3361 1648 3442 urbes,

856 3463 1065 3547 turbatusque
1088 3469 1174 3554 metu
1198 3471 1321 3530 montes
1344 3464 1502 3530 concurrit
1522 3462 1565 3530 ad
1588 3464 1687 3547 altos,

859 3566 992 3650 diraque
1016 3567 1151 3633 munivit
1171 3567 1342 3651 posuitque
1366 3566 1508 3652 mapalia
1530 3567 1634 3632 silvis.

754 3757 755 3760 Ἴ
858 3669 1031 3755 implentur
1053 3670 1218 3752 vallesque
1241 3689 1341 3736 cavae
1365 3671 1527 3754 collesque
1551 3671 1657 3756 supini

731 5135 761 5178 20

540 5397 590 5448 564
608 5403 693 5448 cautos
712 5396 788 5446 uuas.

858 3767 1008 3857 gentibus
1031 3772 1226 3854 innumeris,
1252 3793 1444 3859 camposque
1467 3780 1500 3840 et
1520 3772 1653 3840 flumina
1673 3775 1739 3840 late

859 3897 956 3942 curva
979 3882 1101 3960 tegunt.
1149 3876 1242 3942 latuit
1265 3875 1375 3942 densis
1397 3877 1592 3944 contermina
1618 3878 1714 3944 tellus

859 3979 1059 4064 agminibus,
1086 3986 1273 4063 montesque
1296 3986 1328 4046 ct
1350 3979 1447 4046 celsis
1470 3979 1603 4046 frondea
1627 3981 1717 4046 siluis

859 4089 943 4150 tecta
966 4084 1068 4150 latent
1088 4082 1247 4168 pendente
1271 4103 1357 4149 uasa.
1406 4082 1488 4168 fugit
1508 4083 1584 4150 inde
1607 4083 1747 4149 ferarum

859 4205 952 4253 omne
974 4206 1095 4271 genus,
1121 4186 1210 4253 saevi
1232 4207 1383 4252 reverens
1407 4188 1567 4254 venabula
1590 4187 1710 4270 Mauri,

859 4309 918 4356 nec
941 4289 1043 4375 potnit
1065 4289 1216 4355 miserum
1238 4295 1345 4356 tantam
1369 4289 1506 4356 evadere
1529 4298 1654 4376 pestes,

859 4380 917 4459 sed
939 4393 1024 4459 iacet
1046 4391 1154 4457 affixis
1176 4393 1327 4478 resupino
1348 4393 1382 4458 in
1403 4400 1529 4478 pectore
1551 4394 1636 4460 telis.

859 4516 923 4562 non
944 4495 1031 4561 mitis
1055 4496 1184 4562 volucer
1205 4496 1303 4561 ramis
1326 4495 1501 4580 permissus
1523 4496 1557 4560 in
1579 4496 1654 4562 altis

859 4598 1024 4665 frondibus
1047 4606 1103 4665 aut
1123 4598 1239 4665 mediis
1262 4598 1375 4665 dulces
1398 4598 1594 4684 suspendere
1617 4599 1722 4664 nidos.

858 4702 1025 4768 arboribus
1047 4701 1187 4786 religant
1208 4708 1359 4785 congesto
1381 4700 1519 4768 culmine
1542 4721 1662 4768 cannas

859 4805 1024 4886 omnibus,
1051 4812 1084 4871 et
1104 4805 1192 4870 nullo
1214 4811 1264 4871 est
1286 4823 1422 4869 vacnum
1443 4803 1508 4869 iarn
1531 4806 1563 4870 in
1586 4812 1692 4870 monte
1715 4825 1883 4888 cacumen,

858 4909 997 4992 qualiter
1018 4907 1145 4974 infnsae
1168 4907 1265 4974 tellus
1288 4913 1432 4974 contecta
1454 4908 1587 4993 pruinae

858 5013 942 5078 nube
965 5012 1061 5090 latet,
1089 5011 1257 5096 campique
1279 5017 1313 5076 et
1333 5017 1457 5076 montes
1479 5012 1573 5077 arbor
1595 5019 1628 5077 et
1650 5012 1752 5078 omnis

859 5115 964 5198 albet,
991 5122 1023 5180 et
1046 5114 1115 5199 ipse
1139 5114 1205 5180 suris
1228 5120 1349 5179 artatur
1371 5113 1508 5180 motibus
1531 5121 1603 5197 abr,

907 5399 1024 5456 truosquc
1044 5392 1065 5438 T
1183 5391 1233 5441 566
1251 5393 1326 5440 lamor
1346 5391 1367 5438 Τ
1488 5392 1537 5441 573
1556 5407 1602 5441 nec
1623 5393 1652 5452 T,
1673 5407 1722 5442 non
1744 5395 1765 5440 V

471 5483 522 5534 578
539 5498 639 5548 sperare
661 5483 682 5530 Τ
785 5481 832 5531 681
852 5483 981 5531 lucescunt
1003 5480 1024 5526 Τ

541 5571 556 5619 5
574 5570 677 5631 diraque
697 5567 727 5628 Τ,
747 5571 875 5629 urnaque
894 5565 972 5616 Mass.
1080 5567 1187 5628 maprlia
1203 5569 1298 5626 scripsi,
1319 5567 1347 5613 in
1366 5564 1446 5626 prelia
1467 5565 1496 5624 Τ,
1516 5567 1641 5627 imperata
1654 5563 1732 5614 Muza.

472 5657 596 5716 sugunt
616 5655 644 5716 Τ,
665 5659 755 5704 tenent
774 5652 851 5702 Mors.

472 5741 504 5792 ts
522 5746 638 5791 contexta
659 5739 680 5787 Τ

970 5651 997 5701 ll
1019 5665 1136 5701 reuersus
1153 5655 1246 5713 scripsi,
1267 5652 1378 5700 relarsur
1402 5651 1422 5697 Τ
1535 5649 1565 5698 13
1584 5652 1680 5706 artinis
1702 5651 1722 5696 Τ

1885 5392 1935 5443 576
1953 5395 2066 5456 napum
2088 5396 2110 5443 Τ

1838 5563 1854 5612 6
1872 5565 2070 5627 implenturque
2086 5565 2108 5612 Τ

1837 5649 1868 5699 15
1886 5651 2064 5712 subapendere
2086 5651 2107 5698 Τ
