4508 6434
757 430 986 488 IOHANNIDOS
1006 433 1075 488 LlB.
1096 433 1144 487 Vl.
1168 434 1222 497 (V).

565 627 736 685 excurrunt
759 621 881 687 celeres
904 621 1018 688 calidis
1040 645 1061 689 a
1084 623 1230 707 Syrtibus
1253 623 1341 705 alae,

564 722 764 807 invitantque
787 723 871 790 feras
894 726 985 809 regni
1008 726 1068 792 suh
1090 726 1232 809 imagine
1255 733 1380 810 gentes.

566 826 702 892 harhara
724 828 817 894 turha
838 829 909 894 coit.
957 830 1097 895 numeris
1120 837 1257 913 augetur
1279 837 1311 896 et
1331 830 1439 894 armis.
1500 915 1502 918 Ι

566 937 640 996 tunc
662 931 785 1014 equites
808 931 995 1017 peditesque
1018 940 1128 1016 ruunt,
1154 932 1293 1015 altisque
1315 933 1448 999 camelis

566 1034 746 1100 Maurorum
769 1035 824 1117 qui
846 1055 933 1102 more
955 1035 1077 1102 sedent.
1126 1057 1186 1102 nee
1208 1037 1296 1102 selus
1318 1037 1450 1121 Ilaguas

566 1144 623 1204 aut
643 1145 756 1221 gentes
779 1144 918 1220 tanturm,
945 1145 1079 1222 egerunt
1101 1161 1183 1224 quae
1205 1140 1293 1206 bella
1314 1141 1454 1226 priores,

566 1261 744 1307 convenere
767 1241 846 1324 sihi,
872 1241 931 1309 sed
953 1242 980 1307 si
1003 1242 1075 1326 quis
1097 1243 1223 1328 Syrtica
1245 1264 1319 1308 rura

566 1365 662 1430 asper
684 1352 754 1411 arat
775 1345 955 1427 Nasamon,
982 1345 1104 1429 siquis
1127 1346 1376 1413 Garamantidos
1398 1347 1495 1429 arvis,
1559 1427 1560 1430 Ἴ

566 1448 728 1534 proximus
750 1469 829 1514 arva
851 1449 943 1532 colit,
969 1449 1100 1534 pinguis
1123 1449 1177 1534 qni
1200 1450 1345 1533 margine
1370 1450 1437 1515 Nili

566 1559 682 1635 stagna
703 1552 831 1635 bibunt,
859 1573 976 1619 venere
997 1553 1067 1619 viri.
1115 1554 1186 1638 quis
1210 1553 1316 1619 dicere
1341 1562 1454 1638 gentes

565 1663 622 1722 aut
642 1676 809 1724 numerare
831 1663 948 1742 queati
970 1677 1118 1723 numeres
1140 1665 1196 1723 ant
1218 1658 1366 1741 aequoris
1390 1657 1494 1723 undas

565 1759 742 1826 nimborum
765 1767 822 1826 aut
843 1767 968 1844 guttas,
994 1767 1050 1826 aut
1072 1767 1208 1845 quantas
1231 1760 1307 1826 lites
1329 1761 1466 1827 harenas

567 1862 678 1946 alluit,
703 1872 760 1930 aut
783 1865 919 1949 pelagus
941 1864 1046 1950 pisces
1068 1871 1125 1931 ant
1147 1873 1233 1930 terra
1256 1865 1403 1930 volucres

567 1968 669 2034 omnis
692 1969 806 2051 habet,
832 1967 941 2034 varius
963 1974 1040 2052 qnet
1062 1968 1165 2052 gignit
1188 1987 1318 2054 campus
1340 1969 1455 2034 aristas

568 2091 642 2138 vere
664 2091 761 2154 nove,
787 2071 840 2137 vel
862 2077 962 2137 totum
984 2078 1098 2138 emant
1119 2078 1195 2156 quot
1216 2072 1326 2138 sidera
1348 2073 1492 2138 caelum.

653 2174 773 2242 viribus
794 2175 869 2241 inde
892 2175 958 2240 suis
980 2176 1135 2241 bellorum
1159 2175 1270 2241 ductor
1290 2195 1388 2242 arene

569 2298 714 2345 securem
736 2278 912 2362 fortemque
934 2285 1067 2364 pntans,
1094 2279 1266 2346 simulacra
1287 2279 1418 2345 novavit

569 2382 743 2466 signaque,
769 2391 801 2448 et
822 2383 973 2449 extremis
995 2383 1083 2448 acies
1105 2383 1274 2448 commovit
1296 2383 1339 2448 ab
1361 2383 1442 2466 eris,

570 2486 642 2571 plns
665 2486 760 2551 solita
781 2485 897 2550 virtute
920 2485 1077 2568 fremens,
1104 2506 1143 2551 ae
1165 2487 1271 2572 pergit
1292 2486 1326 2551 in
1348 2486 1481 2553 hostem.

570 2589 673 2654 vietus
696 2594 730 2654 ut
752 2589 919 2655 Herculeis
941 2591 1084 2654 Antaeus
1107 2608 1204 2673 saepe
1227 2589 1357 2655 lacertis

569 2700 716 2759 contacta
737 2693 864 2777 lapsum
887 2693 1057 2777 reparabat
1078 2713 1192 2778 eorpus
1214 2693 1353 2776 harena,

569 2803 681 2881 sponte
704 2795 843 2878 cadens,
869 2797 970 2862 victer
991 2796 1093 2862 donee
1115 2796 1302 2881 Tirynthius
1324 2804 1425 2864 artem

569 2905 729 2982 nosceret,
757 2906 788 2966 et
812 2899 944 2965 summis
966 2900 1152 2986 complexus
1174 2901 1295 2966 viribus
1317 2901 1444 2967 hostem

568 3010 738 3089 pensasset
759 3023 892 3088 pronum
915 3023 985 3069 eum
1008 3023 1124 3088 magne
1147 3004 1287 3089 pondere
1309 3023 1440 3088 corpus,

568 3114 699 3191 guttura
720 3128 818 3174 saeva
839 3127 1002 3192 premens:
1029 3115 1065 3174 ut
1085 3114 1201 3173 terram
1224 3115 1357 3193 tangere
1379 3116 1512 3176 matrem

569 3230 632 3277 non
655 3211 772 3296 potuit,
798 3210 912 3276 victrix
934 3211 1041 3276 miseri
1064 3231 1148 3277 mors
1171 3211 1294 3277 lumina
1316 3213 1449 3278 elausit:

570 3313 616 3380 sie
637 3314 741 3380 vietns
763 3313 848 3380 vires
871 3315 1032 3380 Carcasan
1054 3314 1184 3380 innovat
1206 3334 1316 3380 omnes

571 3417 720 3502 Syrtibus
743 3436 763 3483 a
784 3417 930 3504 propriis.
979 3418 1026 3484 sic
1048 3424 1081 3484 et
1101 3418 1272 3484 meriturus
1294 3417 1327 3484 in
1349 3417 1472 3485 hostem

570 3521 697 3588 nescius
719 3541 809 3586 arma
831 3527 932 3605 parat.
979 3527 1054 3587 tnnc
1077 3521 1169 3605 liquit
1191 3528 1320 3606 pectora
1341 3528 1441 3587 terror

571 3624 681 3692 Martis
704 3631 737 3690 et
758 3624 910 3691 obscurae
933 3631 980 3692 tot
1002 3644 1101 3691 saeva
1124 3625 1269 3710 pericula
1290 3625 1400 3691 nectis.

656 3729 800 3814 pervelat
822 3748 896 3795 eece
918 3728 1017 3810 levis,
1043 3748 1160 3813 magno
1183 3729 1356 3796 mandante
1379 3729 1509 3810 liulin02

570 3832 717 3915 nuntius,
744 3832 886 3899 etfama
909 3832 1047 3916 Libycas
1070 3833 1256 3899 conterritat
1278 3834 1373 3898 nrbes

570 3937 634 4002 iam
657 3936 822 4020 placidas,
849 3935 950 4002 motas
972 3936 1085 4002 itemm
1108 3937 1250 4003 bellasse
1272 3943 1433 4018 catervas,

572 4040 688 4107 finibus
711 4040 852 4106 occiduis
875 4040 1015 4123 equitum
1037 4039 1102 4106 iam
1125 4060 1250 4107 currere
1273 4047 1393 4106 turmas

572 4151 605 4210 et
625 4143 765 4229 Tripolis
787 4149 915 4210 vastare
937 4161 1046 4225 casas,
1073 4143 1278 4228 Carthaginis
1301 4145 1387 4210 altae

572 4248 733 4315 Carcasan
756 4247 886 4314 duetore
908 4247 993 4313 feras
1016 4246 1059 4312 ed
1081 4247 1208 4312 moenia
1229 4253 1343 4330 gentes

570 4351 618 4418 ire
640 4350 778 4434 decens,
803 4371 983 4434 nomenque
1006 4350 1068 4416 sihi
1090 4351 1272 4435 promittere
1295 4352 1398 4435 regni.

574 4454 690 4521 missus
713 4454 877 4521 Sidoniam
899 4454 992 4520 miles
1014 4453 1069 4519 vin
1091 4452 1224 4538 contigit
1245 4455 1369 4536 aelam,

573 4558 695 4625 ductori
717 4559 870 4624 mandata
891 4557 1015 4624 ferens:
1043 4557 1202 4624 concussit
1223 4558 1357 4624 acerbus

574 4660 672 4728 corda
693 4662 780 4726 feror
801 4667 950 4727 narrante
972 4661 1050 4726 vire.
1099 4660 1157 4727 sed
1178 4661 1294 4727 mentis
1316 4661 1469 4729 honestae

575 4765 721 4831 virtutem
743 4764 930 4830 indomitam
953 4764 1065 4830 melior
1087 4763 1247 4849 sapientia
1269 4764 1402 4831 vincens

576 4868 743 4934 consilium
766 4865 900 4951 quaerit.
948 4868 1118 4932 volventur
1139 4874 1267 4953 pectore
1289 4888 1402 4950 curae,

575 4991 635 5038 nec
656 4978 763 5038 movet
785 4971 924 5036 obtutus.
971 4970 1088 5037 mentis
1111 4969 1259 5037 discurrit
1279 4991 1426 5038 acumen.

576 5075 683 5141 emnia
705 5073 902 5160 prospiciens
924 5080 1039 5159 pensat
1060 5073 1244 5141 discrimine
1266 5095 1399 5157 causas,

432 5203 479 5240 ··:‚
576 5185 609 5245 et
630 5178 718 5244 videt
739 5177 906 5244 infandum
929 5184 1043 5244 cuncta
1065 5178 1106 5244 de
1128 5185 1219 5264 parte
1240 5178 1407 5264 periclum.

262 5422 305 5474 191
327 5426 366 5474 aia
386 5426 406 5472 Τ
530 5422 576 5473 192
595 5424 679 5484 regula
700 5422 721 5469 Τ
842 5420 890 5471 191
908 5421 1055 5484 peditesque
1073 5427 1151 5472 ruunt
1168 5425 1268 5484 ammai,
1288 5423 1386 5486 pedites
1405 5438 1469 5487 qnae
1487 5432 1547 5474 runt
1569 5427 1595 5487 Τ,
1616 5428 1713 5489 pedites
1731 5445 1809 5492 quae-

192 5517 252 5559 runt
270 5510 358 5572 triam,
378 5511 420 5560 red
437 5511 473 5572 es.
493 5512 557 5558 vm
570 5513 628 5559 18⁴.
642 5511 693 5559 382
828 5506 874 5557 195
892 5510 1001 5570 iiaegnaa
1021 5508 1042 5555 Τ
1176 5509 1222 5559 tet
1242 5512 1263 5559 sl
1281 5513 1340 5573 qnia
1358 5511 1442 5574 saa,
1462 5513 1520 5574 quis
1543 5511 1570 5572 Τ,
1589 5505 1709 5575 'quisquis
1728 5515 1807 5564 Musa·

196 5595 243 5646 198
260 5610 333 5660 asper
350 5602 403 5646 arat
420 5598 540 5648 Nmmeu
560 5598 648 5658 Moza,
667 5601 766 5660 saporat
785 5609 901 5645 rramasen
923 5595 943 5642 Τ
1057 5596 1079 5642 sl
1098 5598 1155 5658 quis
1178 5597 1204 5657 Τ,
1225 5605 1251 5645 ot
1268 5599 1312 5660 qni
1332 5598 1409 5647 Meua.
1533 5598 1582 5647 ros
1601 5612 1675 5648 arene
1696 5601 1721 5662 Τ,
1737 5605 1811 5652 ‘'soer-

84 5711 90 5724 ·
193 5697 253 5732 uum
267 5682 354 5743 lim„
373 5691 543 5734 transiecta.
559 5682 862 5733 rotseenmmdeeuam
873 5683 948 5734 Reae.
1048 5679 1098 5731 212
1117 5684 1289 5731 terrinteusl'
1387 5683 1436 5734 214
1454 5693 1583 5748 pensasset
1595 5685 1709 5736 datiuum
1722 5689 1809 5740 Beth„

193 5770 376 5831 prensaret?
477 5771 526 5821 219
544 5771 663 5833 liquidT
767 5768 903 5819 thiestes
922 5769 1033 5830 Lethen„
1055 5775 1133 5817 caetra
1154 5769 1182 5830 Τ,
1203 5783 1272 5831 egres
1292 5771 1369 5819 Mera.
1476 5770 1732 5822 attenuasset*
