<?xml version="1.0" encoding="UTF-8"?>
<!DOCTYPE html PUBLIC "-//W3C//DTD XHTML 1.0 Transitional//EN"
    "http://www.w3.org/TR/xhtml1/DTD/xhtml1-transitional.dtd">
<html xmlns="http://www.w3.org/1999/xhtml" xml:lang="en" lang="en">
 <head>
  <title>
</title>
<meta http-equiv="Content-Type" content="text/html;charset=utf-8" />
  <meta name='ocr-system' content='tesseract 3.04.00' />
  <meta name='ocr-capabilities' content='ocr_page ocr_carea ocr_par ocr_line ocrx_word'/>
</head>
<body>
  <div class='ocr_page' id='page_1' title='image "./monumentagerman08mittgoog_0236.png"; bbox 0 0 4508 6434; ppageno 0'>
   <div class='ocr_carea' id='block_1_1' title="bbox 758 415 1223 482">
    <p class='ocr_par' dir='ltr' id='par_1_1' title="bbox 758 415 1223 482">
     <span class='ocr_line' id='line_1_1' title="bbox 758 415 1223 482; baseline 0.002 -11"><span class='ocrx_word' id='word_1_1' title='bbox 758 415 987 473; x_wconf 82' lang='lat' dir='ltr'><strong>IOHANNIDOS</strong></span> <span class='ocrx_word' id='word_1_2' title='bbox 1006 418 1075 473; x_wconf 68' lang='lat' dir='ltr'><strong>lrlB.</strong></span> <span class='ocrx_word' id='word_1_3' title='bbox 1098 417 1145 473; x_wconf 91' lang='lat' dir='ltr'><strong>Vl.</strong></span> <span class='ocrx_word' id='word_1_4' title='bbox 1169 418 1223 482; x_wconf 78' lang='lat' dir='ltr'><strong>(v).</strong></span> 
     </span>
    </p>
   </div>
   <div class='ocr_carea' id='block_1_2' title="bbox 568 605 1420 797">
    <p class='ocr_par' dir='ltr' id='par_1_2' title="bbox 568 605 1420 797">
     <span class='ocr_line' id='line_1_2' title="bbox 576 605 1420 676; baseline 0.007 -10"><span class='ocrx_word' id='word_1_5' title='bbox 576 663 578 666; x_wconf 83' lang='lat'>.</span> <span class='ocrx_word' id='word_1_6' title='bbox 653 605 834 672; x_wconf 86' lang='lat' dir='ltr'><strong>Maurorum</strong></span> <span class='ocrx_word' id='word_1_7' title='bbox 856 607 979 674; x_wconf 85' lang='lat' dir='ltr'><strong>interea</strong></span> <span class='ocrx_word' id='word_1_8' title='bbox 1001 607 1102 674; x_wconf 90' lang='lat' dir='ltr'><strong>noctis</strong></span> <span class='ocrx_word' id='word_1_9' title='bbox 1124 607 1259 673; x_wconf 86' lang='lat' dir='ltr'><strong>defensa</strong></span> <span class='ocrx_word' id='word_1_10' title='bbox 1280 608 1420 676; x_wconf 88' lang='lat' dir='ltr'><strong>tenebris</strong></span> 
     </span>
     <span class='ocr_line' id='line_1_3' title="bbox 568 709 1361 797; baseline 0.004 -24"><span class='ocrx_word' id='word_1_11' title='bbox 568 709 699 793; x_wconf 81' lang='lat' dir='ltr'>agmina</span> <span class='ocrx_word' id='word_1_12' title='bbox 720 711 889 777; x_wconf 83' lang='lat' dir='ltr'><strong>comebant</strong></span> <span class='ocrx_word' id='word_1_13' title='bbox 910 711 1032 777; x_wconf 91' lang='lat' dir='ltr'><strong>cunctis</strong></span> <span class='ocrx_word' id='word_1_14' title='bbox 1054 731 1112 797; x_wconf 87' lang='lat' dir='ltr'><strong>per</strong></span> <span class='ocrx_word' id='word_1_15' title='bbox 1134 710 1231 777; x_wconf 89' lang='lat' dir='ltr'><strong>devia</strong></span> <span class='ocrx_word' id='word_1_16' title='bbox 1252 711 1361 792; x_wconf 88' lang='lat' dir='ltr'><strong>terris,</strong></span> 
     </span>
    </p>
   </div>
   <div class='ocr_carea' id='block_1_3' title="bbox 442 814 1537 5150">
    <p class='ocr_par' dir='ltr' id='par_1_3' title="bbox 568 814 1489 1191">
     <span class='ocr_line' id='line_1_4' title="bbox 569 814 1463 900; baseline 0.003 -23"><span class='ocrx_word' id='word_1_17' title='bbox 569 831 681 898; x_wconf 89' lang='lat' dir='ltr'><strong>sparsa</strong></span> <span class='ocrx_word' id='word_1_18' title='bbox 703 821 800 880; x_wconf 90' lang='lat' dir='ltr'><strong>metu.</strong></span> <span class='ocrx_word' id='word_1_19' title='bbox 846 835 909 881; x_wconf 83' lang='lat' dir='ltr'><strong>nox</strong></span> <span class='ocrx_word' id='word_1_20' title='bbox 931 815 1004 900; x_wconf 89' lang='lat' dir='ltr'><strong>ipsa</strong></span> <span class='ocrx_word' id='word_1_21' title='bbox 1025 815 1131 896; x_wconf 85' lang='lat' dir='ltr'><strong>iuvat,</strong></span> <span class='ocrx_word' id='word_1_22' title='bbox 1157 834 1219 879; x_wconf 85' lang='lat' dir='ltr'><strong>nox</strong></span> <span class='ocrx_word' id='word_1_23' title='bbox 1242 814 1315 899; x_wconf 87' lang='lat' dir='ltr'><strong>ipsa</strong></span> <span class='ocrx_word' id='word_1_24' title='bbox 1336 815 1463 897; x_wconf 86' lang='lat' dir='ltr'><strong>fatigat.</strong></span> 
     </span>
     <span class='ocr_line' id='line_1_5' title="bbox 569 915 1305 1001; baseline 0 -19"><span class='ocrx_word' id='word_1_25' title='bbox 569 915 684 1001; x_wconf 88' lang='lat' dir='ltr'><strong>eripuit</strong></span> <span class='ocrx_word' id='word_1_26' title='bbox 707 917 822 983; x_wconf 89' lang='lat' dir='ltr'><strong>mediis</strong></span> <span class='ocrx_word' id='word_1_27' title='bbox 845 925 975 984; x_wconf 84' lang='lat' dir='ltr'><strong>cunctos</strong></span> <span class='ocrx_word' id='word_1_28' title='bbox 997 917 1038 984; x_wconf 90' lang='lat' dir='ltr'><strong>de</strong></span> <span class='ocrx_word' id='word_1_29' title='bbox 1061 917 1208 982; x_wconf 86' lang='lat' dir='ltr'><strong>lancibus</strong></span> <span class='ocrx_word' id='word_1_30' title='bbox 1231 917 1305 983; x_wconf 87' lang='lat' dir='ltr'><strong>Orci</strong></span> 
     </span>
     <span class='ocr_line' id='line_1_6' title="bbox 568 1020 1489 1104; baseline 0.001 -19"><span class='ocrx_word' id='word_1_31' title='bbox 568 1020 732 1086; x_wconf 86' lang='lat' dir='ltr'><strong>occultans</strong></span> <span class='ocrx_word' id='word_1_32' title='bbox 755 1022 890 1086; x_wconf 87' lang='lat' dir='ltr'><strong>obscura</strong></span> <span class='ocrx_word' id='word_1_33' title='bbox 912 1021 1008 1087; x_wconf 89' lang='lat' dir='ltr'><strong>viros.</strong></span> <span class='ocrx_word' id='word_1_34' title='bbox 1056 1020 1114 1086; x_wconf 92' lang='lat' dir='ltr'><strong>scd</strong></span> <span class='ocrx_word' id='word_1_35' title='bbox 1135 1041 1245 1086; x_wconf 89' lang='lat' dir='ltr'><strong>rursus</strong></span> <span class='ocrx_word' id='word_1_36' title='bbox 1268 1020 1398 1088; x_wconf 85' lang='lat' dir='ltr'><strong>easdem</strong></span> <span class='ocrx_word' id='word_1_37' title='bbox 1483 1095 1489 1104; x_wconf 50' lang='grc'><strong><em>,</em></strong></span> 
     </span>
     <span class='ocr_line' id='line_1_7' title="bbox 568 1124 1302 1191; baseline 0.005 -4"><span class='ocrx_word' id='word_1_38' title='bbox 568 1124 720 1190; x_wconf 85' lang='lat' dir='ltr'><strong>sollicitat</strong></span> <span class='ocrx_word' id='word_1_39' title='bbox 741 1124 855 1190; x_wconf 89' lang='lat' dir='ltr'><strong>dubias</strong></span> <span class='ocrx_word' id='word_1_40' title='bbox 878 1124 997 1191; x_wconf 88' lang='lat' dir='ltr'><strong>incerto</strong></span> <span class='ocrx_word' id='word_1_41' title='bbox 1019 1125 1121 1190; x_wconf 87' lang='lat' dir='ltr'><strong>Marte</strong></span> <span class='ocrx_word' id='word_1_42' title='bbox 1144 1131 1302 1191; x_wconf 85' lang='lat' dir='ltr'><strong>catervas.</strong></span> 
     </span>
    </p>

    <p class='ocr_par' dir='ltr' id='par_1_4' title="bbox 460 1227 1537 1729">
     <span class='ocr_line' id='line_1_8' title="bbox 460 1227 1384 1314; baseline 0.008 -27"><span class='ocrx_word' id='word_1_43' title='bbox 460 1251 472 1287; x_wconf 85' lang='lat'><strong>:.</strong></span> <span class='ocrx_word' id='word_1_44' title='bbox 568 1227 726 1310; x_wconf 84' lang='lat' dir='ltr'><strong>effugiunt</strong></span> <span class='ocrx_word' id='word_1_45' title='bbox 746 1227 872 1313; x_wconf 87' lang='lat' dir='ltr'><strong>pavidi,</strong></span> <span class='ocrx_word' id='word_1_46' title='bbox 899 1229 988 1293; x_wconf 93' lang='lat' dir='ltr'><strong>nullo</strong></span> <span class='ocrx_word' id='word_1_47' title='bbox 1009 1235 1082 1314; x_wconf 91' lang='lat' dir='ltr'><strong>post</strong></span> <span class='ocrx_word' id='word_1_48' title='bbox 1103 1236 1194 1312; x_wconf 87' lang='lat' dir='ltr'><strong>terga</strong></span> <span class='ocrx_word' id='word_1_49' title='bbox 1216 1235 1384 1312; x_wconf 89' lang='lat' dir='ltr'><strong>sequente,</strong></span> 
     </span>
     <span class='ocr_line' id='line_1_9' title="bbox 568 1331 1537 1417; baseline 0.002 -21"><span class='ocrx_word' id='word_1_50' title='bbox 568 1332 644 1397; x_wconf 90' lang='lat' dir='ltr'><strong>dum</strong></span> <span class='ocrx_word' id='word_1_51' title='bbox 666 1331 842 1416; x_wconf 88' lang='lat' dir='ltr'><strong>trepidant,</strong></span> <span class='ocrx_word' id='word_1_52' title='bbox 869 1332 1083 1416; x_wconf 78' lang='lat' dir='ltr'><strong>strepitusque</strong></span> <span class='ocrx_word' id='word_1_53' title='bbox 1106 1353 1181 1398; x_wconf 86' lang='lat' dir='ltr'><strong>suos</strong></span> <span class='ocrx_word' id='word_1_54' title='bbox 1205 1332 1537 1417; x_wconf 84' lang='lat' dir='ltr'><strong>sonitusquesuorum</strong></span> 
     </span>
     <span class='ocr_line' id='line_1_10' title="bbox 568 1435 1429 1521; baseline 0 -19"><span class='ocrx_word' id='word_1_55' title='bbox 568 1455 640 1502; x_wconf 88' lang='lat' dir='ltr'><strong>esse</strong></span> <span class='ocrx_word' id='word_1_56' title='bbox 663 1443 776 1521; x_wconf 90' lang='lat' dir='ltr'><strong>putant</strong></span> <span class='ocrx_word' id='word_1_57' title='bbox 796 1435 922 1518; x_wconf 88' lang='lat' dir='ltr'><strong>hostes,</strong></span> <span class='ocrx_word' id='word_1_58' title='bbox 948 1436 1128 1520; x_wconf 80' lang='lat' dir='ltr'><strong>turbatique</strong></span> <span class='ocrx_word' id='word_1_59' title='bbox 1151 1437 1253 1502; x_wconf 86' lang='lat' dir='ltr'><strong>ardua</strong></span> <span class='ocrx_word' id='word_1_60' title='bbox 1275 1443 1429 1519; x_wconf 82' lang='lat' dir='ltr'>quassant</span> 
     </span>
     <span class='ocr_line' id='line_1_11' title="bbox 565 1538 1362 1624; baseline 0 -20"><span class='ocrx_word' id='word_1_61' title='bbox 565 1539 623 1606; x_wconf 87' lang='lat' dir='ltr'><strong>ilia</strong></span> <span class='ocrx_word' id='word_1_62' title='bbox 645 1538 861 1623; x_wconf 90' lang='lat' dir='ltr'><strong>comipednm.</strong></span> <span class='ocrx_word' id='word_1_63' title='bbox 908 1539 1028 1607; x_wconf 78' lang='lat' dir='ltr'><strong>crebris</strong></span> <span class='ocrx_word' id='word_1_64' title='bbox 1051 1546 1201 1606; x_wconf 84' lang='lat' dir='ltr'><strong>montana</strong></span> <span class='ocrx_word' id='word_1_65' title='bbox 1222 1538 1362 1624; x_wconf 88' lang='lat' dir='ltr'><strong>flagellis</strong></span> 
     </span>
     <span class='ocr_line' id='line_1_12' title="bbox 567 1643 1461 1729; baseline 0 -21"><span class='ocrx_word' id='word_1_66' title='bbox 567 1651 659 1709; x_wconf 91' lang='lat' dir='ltr'><strong>nocte</strong></span> <span class='ocrx_word' id='word_1_67' title='bbox 682 1643 797 1710; x_wconf 88' lang='lat' dir='ltr'><strong>silente</strong></span> <span class='ocrx_word' id='word_1_68' title='bbox 819 1650 961 1729; x_wconf 88' lang='lat' dir='ltr'><strong>crepant.</strong></span> <span class='ocrx_word' id='word_1_69' title='bbox 1008 1643 1129 1709; x_wconf 90' lang='lat' dir='ltr'><strong>socium</strong></span> <span class='ocrx_word' id='word_1_70' title='bbox 1151 1643 1324 1710; x_wconf 87' lang='lat' dir='ltr'><strong>terroribus</strong></span> <span class='ocrx_word' id='word_1_71' title='bbox 1345 1663 1461 1727; x_wconf 84' lang='lat' dir='ltr'><strong>agmen</strong></span> 
     </span>
    </p>

    <p class='ocr_par' dir='ltr' id='par_1_5' title="bbox 442 1747 1519 2248">
     <span class='ocr_line' id='line_1_13' title="bbox 442 1747 1468 1834; baseline -0.002 -20"><span class='ocrx_word' id='word_1_72' title='bbox 442 1775 447 1784; x_wconf 96' lang='lat'>·</span> <span class='ocrx_word' id='word_1_73' title='bbox 568 1747 713 1831; x_wconf 84' lang='lat' dir='ltr'><strong>exagitat</strong></span> <span class='ocrx_word' id='word_1_74' title='bbox 733 1747 870 1813; x_wconf 90' lang='lat' dir='ltr'><strong>solidum</strong></span> <span class='ocrx_word' id='word_1_75' title='bbox 894 1747 1041 1829; x_wconf 86' lang='lat' dir='ltr'><strong>quatiens</strong></span> <span class='ocrx_word' id='word_1_76' title='bbox 1064 1747 1145 1813; x_wconf 89' lang='lat' dir='ltr'><strong>levis</strong></span> <span class='ocrx_word' id='word_1_77' title='bbox 1169 1749 1289 1832; x_wconf 88' lang='lat' dir='ltr'><strong>ungula</strong></span> <span class='ocrx_word' id='word_1_78' title='bbox 1311 1767 1468 1834; x_wconf 85' lang='lat' dir='ltr'><strong>eampum.</strong></span> 
     </span>
     <span class='ocr_line' id='line_1_14' title="bbox 565 1851 1383 1935; baseline -0.001 -19"><span class='ocrx_word' id='word_1_79' title='bbox 565 1859 569 1866; x_wconf 87' lang='grc'><strong>’</strong></span> <span class='ocrx_word' id='word_1_80' title='bbox 653 1853 755 1918; x_wconf 86' lang='lat' dir='ltr'><strong>altera</strong></span> <span class='ocrx_word' id='word_1_81' title='bbox 776 1851 943 1917; x_wconf 89' lang='lat' dir='ltr'><strong>Phoebeos</strong></span> <span class='ocrx_word' id='word_1_82' title='bbox 965 1851 1102 1935; x_wconf 88' lang='lat' dir='ltr'><strong>cogebat</strong></span> <span class='ocrx_word' id='word_1_83' title='bbox 1123 1872 1249 1918; x_wconf 89' lang='lat' dir='ltr'><strong>currere</strong></span> <span class='ocrx_word' id='word_1_84' title='bbox 1272 1871 1383 1918; x_wconf 89' lang='lat' dir='ltr'><strong>cursus</strong></span> 
     </span>
     <span class='ocr_line' id='line_1_15' title="bbox 569 1954 1303 2022; baseline 0 -2"><span class='ocrx_word' id='word_1_85' title='bbox 569 1956 696 2021; x_wconf 80' lang='lat' dir='ltr'>Oceano</span> <span class='ocrx_word' id='word_1_86' title='bbox 718 1961 861 2020; x_wconf 87' lang='lat' dir='ltr'><strong>reserata</strong></span> <span class='ocrx_word' id='word_1_87' title='bbox 882 1954 962 2020; x_wconf 89' lang='lat' dir='ltr'><strong>dies.</strong></span> <span class='ocrx_word' id='word_1_88' title='bbox 1010 1955 1156 2020; x_wconf 91' lang='lat' dir='ltr'><strong>turbatur</strong></span> <span class='ocrx_word' id='word_1_89' title='bbox 1177 1956 1303 2022; x_wconf 82' lang='lat' dir='ltr'><strong>anhelis</strong></span> 
     </span>
     <span class='ocr_line' id='line_1_16' title="bbox 568 2057 1519 2144; baseline 0.002 -20"><span class='ocrx_word' id='word_1_90' title='bbox 568 2079 688 2144; x_wconf 89' lang='lat' dir='ltr'><strong>aequor</strong></span> <span class='ocrx_word' id='word_1_91' title='bbox 708 2066 741 2124; x_wconf 92' lang='lat' dir='ltr'><strong>et</strong></span> <span class='ocrx_word' id='word_1_92' title='bbox 762 2057 854 2124; x_wconf 89' lang='lat' dir='ltr'><strong>ardet</strong></span> <span class='ocrx_word' id='word_1_93' title='bbox 875 2059 982 2142; x_wconf 89' lang='lat' dir='ltr'><strong>cquis,</strong></span> <span class='ocrx_word' id='word_1_94' title='bbox 1009 2059 1193 2126; x_wconf 85' lang='lat' dir='ltr'><strong>fervescunt</strong></span> <span class='ocrx_word' id='word_1_95' title='bbox 1215 2067 1330 2144; x_wconf 79' lang='lat' dir='ltr'><strong>stagna</strong></span> <span class='ocrx_word' id='word_1_96' title='bbox 1353 2059 1519 2144; x_wconf 81' lang='lat' dir='ltr'><strong>profundi,</strong></span> 
     </span>
     <span class='ocr_line' id='line_1_17' title="bbox 568 2161 1431 2248; baseline -0.002 -19"><span class='ocrx_word' id='word_1_97' title='bbox 568 2170 696 2229; x_wconf 85' lang='lat' dir='ltr'><strong>aestuat</strong></span> <span class='ocrx_word' id='word_1_98' title='bbox 717 2161 803 2227; x_wconf 88' lang='lat' dir='ltr'><strong>unda</strong></span> <span class='ocrx_word' id='word_1_99' title='bbox 824 2169 964 2244; x_wconf 88' lang='lat' dir='ltr'><strong>tumens,</strong></span> <span class='ocrx_word' id='word_1_100' title='bbox 991 2168 1024 2227; x_wconf 89' lang='lat' dir='ltr'><strong>et</strong></span> <span class='ocrx_word' id='word_1_101' title='bbox 1045 2182 1151 2228; x_wconf 89' lang='lat' dir='ltr'><strong>sacros</strong></span> <span class='ocrx_word' id='word_1_102' title='bbox 1174 2163 1308 2248; x_wconf 88' lang='lat' dir='ltr'><strong>parturit</strong></span> <span class='ocrx_word' id='word_1_103' title='bbox 1327 2163 1431 2247; x_wconf 86' lang='lat' dir='ltr'><strong>ignes.</strong></span> 
     </span>
    </p>

    <p class='ocr_par' dir='ltr' id='par_1_6' title="bbox 443 2265 1460 2765">
     <span class='ocr_line' id='line_1_18' title="bbox 443 2265 1356 2351; baseline 0.002 -21"><span class='ocrx_word' id='word_1_104' title='bbox 443 2291 472 2330; x_wconf 76' lang='lat' dir='ltr'><strong>a,</strong></span> <span class='ocrx_word' id='word_1_105' title='bbox 569 2285 763 2349; x_wconf 81' lang='lat' dir='ltr'><strong>consurgens</strong></span> <span class='ocrx_word' id='word_1_106' title='bbox 786 2266 880 2331; x_wconf 86' lang='lat' dir='ltr'><strong>solita</strong></span> <span class='ocrx_word' id='word_1_107' title='bbox 902 2265 1038 2350; x_wconf 90' lang='lat' dir='ltr'><strong>primum</strong></span> <span class='ocrx_word' id='word_1_108' title='bbox 1060 2267 1179 2351; x_wconf 88' lang='lat' dir='ltr'><strong>pietate</strong></span> <span class='ocrx_word' id='word_1_109' title='bbox 1202 2267 1356 2350; x_wconf 86' lang='lat' dir='ltr'><strong>magister</strong></span> 
     </span>
     <span class='ocr_line' id='line_1_19' title="bbox 568 2369 1405 2453; baseline 0.001 -17"><span class='ocrx_word' id='word_1_110' title='bbox 568 2372 672 2436; x_wconf 87' lang='lat' dir='ltr'><strong>laetus</strong></span> <span class='ocrx_word' id='word_1_111' title='bbox 694 2369 763 2453; x_wconf 89' lang='lat' dir='ltr'><strong>agit</strong></span> <span class='ocrx_word' id='word_1_112' title='bbox 784 2375 910 2453; x_wconf 87' lang='lat' dir='ltr'><strong>grates,</strong></span> <span class='ocrx_word' id='word_1_113' title='bbox 936 2369 1098 2435; x_wconf 90' lang='lat' dir='ltr'><strong>dominum</strong></span> <span class='ocrx_word' id='word_1_114' title='bbox 1121 2369 1246 2436; x_wconf 84' lang='lat' dir='ltr'><strong>virtutis</strong></span> <span class='ocrx_word' id='word_1_115' title='bbox 1268 2370 1405 2437; x_wconf 89' lang='lat' dir='ltr'><strong>adorans</strong></span> 
     </span>
     <span class='ocr_line' id='line_1_20' title="bbox 569 2463 1377 2558; baseline 0 -18"><span class='ocrx_word' id='word_1_116' title='bbox 569 2481 601 2540; x_wconf 89' lang='lat' dir='ltr'><strong>ct</strong></span> <span class='ocrx_word' id='word_1_117' title='bbox 622 2463 751 2539; x_wconf 86' lang='lat' dir='ltr'><strong>meritas</strong></span> <span class='ocrx_word' id='word_1_118' title='bbox 773 2473 912 2539; x_wconf 89' lang='lat' dir='ltr'><strong>reddens</strong></span> <span class='ocrx_word' id='word_1_119' title='bbox 933 2473 991 2538; x_wconf 89' lang='lat' dir='ltr'><strong>tali</strong></span> <span class='ocrx_word' id='word_1_120' title='bbox 1014 2494 1069 2558; x_wconf 93' lang='lat' dir='ltr'><strong>pro</strong></span> <span class='ocrx_word' id='word_1_121' title='bbox 1092 2493 1222 2539; x_wconf 89' lang='lat' dir='ltr'><strong>munere</strong></span> <span class='ocrx_word' id='word_1_122' title='bbox 1245 2473 1377 2541; x_wconf 80' lang='lat' dir='ltr'><strong>laudes</strong></span> 
     </span>
     <span class='ocr_line' id='line_1_21' title="bbox 569 2575 1328 2660; baseline 0.001 -20"><span class='ocrx_word' id='word_1_123' title='bbox 569 2583 643 2641; x_wconf 90' lang='lat' dir='ltr'><strong>tunc</strong></span> <span class='ocrx_word' id='word_1_124' title='bbox 666 2575 743 2642; x_wconf 90' lang='lat' dir='ltr'><strong>laeti</strong></span> <span class='ocrx_word' id='word_1_125' title='bbox 764 2595 880 2641; x_wconf 90' lang='lat' dir='ltr'><strong>venere</strong></span> <span class='ocrx_word' id='word_1_126' title='bbox 903 2576 1001 2641; x_wconf 88' lang='lat' dir='ltr'><strong>duces</strong></span> <span class='ocrx_word' id='word_1_127' title='bbox 1025 2575 1187 2660; x_wconf 83' lang='lat' dir='ltr'><strong>fortesque</strong></span> <span class='ocrx_word' id='word_1_128' title='bbox 1209 2576 1328 2643; x_wconf 88' lang='lat' dir='ltr'><strong>tribuni</strong></span> 
     </span>
     <span class='ocr_line' id='line_1_22' title="bbox 569 2678 1460 2765; baseline 0 -21"><span class='ocrx_word' id='word_1_129' title='bbox 569 2687 601 2745; x_wconf 86' lang='lat' dir='ltr'><strong>et</strong></span> <span class='ocrx_word' id='word_1_130' title='bbox 622 2679 716 2764; x_wconf 92' lang='lat' dir='ltr'><strong>primi</strong></span> <span class='ocrx_word' id='word_1_131' title='bbox 739 2699 915 2763; x_wconf 87' lang='lat' dir='ltr'><strong>procerum.</strong></span> <span class='ocrx_word' id='word_1_132' title='bbox 962 2678 1087 2745; x_wconf 87' lang='lat' dir='ltr'><strong>medius</strong></span> <span class='ocrx_word' id='word_1_133' title='bbox 1109 2699 1189 2762; x_wconf 90' lang='lat' dir='ltr'><strong>quos</strong></span> <span class='ocrx_word' id='word_1_134' title='bbox 1214 2680 1284 2765; x_wconf 87' lang='lat' dir='ltr'><strong>ipse</strong></span> <span class='ocrx_word' id='word_1_135' title='bbox 1306 2679 1460 2764; x_wconf 84' lang='lat' dir='ltr'><strong>magister</strong></span> 
     </span>
    </p>

    <p class='ocr_par' dir='ltr' id='par_1_7' title="bbox 443 2783 1505 3074">
     <span class='ocr_line' id='line_1_23' title="bbox 443 2783 1505 2867; baseline 0.002 -21"><span class='ocrx_word' id='word_1_136' title='bbox 443 2813 447 2846; x_wconf 90' lang='lat'>:</span> <span class='ocrx_word' id='word_1_137' title='bbox 569 2783 616 2848; x_wconf 91' lang='lat' dir='ltr'><strong>sic</strong></span> <span class='ocrx_word' id='word_1_138' title='bbox 637 2783 723 2867; x_wconf 87' lang='lat' dir='ltr'><strong>prior</strong></span> <span class='ocrx_word' id='word_1_139' title='bbox 744 2783 932 2866; x_wconf 80' lang='lat' dir='ltr'><strong>alloquitur:</strong></span> <span class='ocrx_word' id='word_1_140' title='bbox 964 2786 1065 2866; x_wconf 84' lang='lat' dir='ltr'><strong>‘quae</strong></span> <span class='ocrx_word' id='word_1_141' title='bbox 1088 2803 1169 2866; x_wconf 89' lang='lat' dir='ltr'><strong>gens</strong></span> <span class='ocrx_word' id='word_1_142' title='bbox 1192 2783 1362 2849; x_wconf 86' lang='lat' dir='ltr'><strong>durissima</strong></span> <span class='ocrx_word' id='word_1_143' title='bbox 1384 2791 1505 2850; x_wconf 88' lang='lat' dir='ltr'><strong>vestros</strong></span> 
     </span>
     <span class='ocr_line' id='line_1_24' title="bbox 569 2885 1445 2972; baseline 0.001 -21"><span class='ocrx_word' id='word_1_144' title='bbox 569 2887 685 2952; x_wconf 91' lang='lat' dir='ltr'><strong>corruit</strong></span> <span class='ocrx_word' id='word_1_145' title='bbox 707 2893 780 2952; x_wconf 86' lang='lat' dir='ltr'><strong>ante</strong></span> <span class='ocrx_word' id='word_1_146' title='bbox 804 2885 924 2972; x_wconf 87' lang='lat' dir='ltr'><strong>pedes,</strong></span> <span class='ocrx_word' id='word_1_147' title='bbox 950 2885 1043 2952; x_wconf 86' lang='lat' dir='ltr'><strong>socii!</strong></span> <span class='ocrx_word' id='word_1_148' title='bbox 1093 2885 1139 2951; x_wconf 87' lang='lat' dir='ltr'><strong>sic</strong></span> <span class='ocrx_word' id='word_1_149' title='bbox 1162 2886 1271 2952; x_wconf 90' lang='lat' dir='ltr'><strong>mortis</strong></span> <span class='ocrx_word' id='word_1_150' title='bbox 1292 2887 1445 2960; x_wconf 81' lang='lat' dir='ltr'><strong>amicam,</strong></span> 
     </span>
     <span class='ocr_line' id='line_1_25' title="bbox 569 2989 1490 3074; baseline 0.001 -21"><span class='ocrx_word' id='word_1_151' title='bbox 569 2990 615 3054; x_wconf 90' lang='lat' dir='ltr'><strong>sic</strong></span> <span class='ocrx_word' id='word_1_152' title='bbox 637 2989 766 3074; x_wconf 90' lang='lat' dir='ltr'><strong>iugulos</strong></span> <span class='ocrx_word' id='word_1_153' title='bbox 788 2989 906 3056; x_wconf 87' lang='lat' dir='ltr'><strong>inferre</strong></span> <span class='ocrx_word' id='word_1_154' title='bbox 929 2989 1016 3072; x_wconf 90' lang='lat' dir='ltr'><strong>neci,</strong></span> <span class='ocrx_word' id='word_1_155' title='bbox 1044 2990 1090 3056; x_wconf 92' lang='lat' dir='ltr'><strong>sic</strong></span> <span class='ocrx_word' id='word_1_156' title='bbox 1112 3009 1237 3056; x_wconf 88' lang='lat' dir='ltr'><strong>currere</strong></span> <span class='ocrx_word' id='word_1_157' title='bbox 1259 2990 1292 3055; x_wconf 92' lang='lat' dir='ltr'><strong>in</strong></span> <span class='ocrx_word' id='word_1_158' title='bbox 1315 2989 1423 3056; x_wconf 84' lang='lat' dir='ltr'><strong>hostes</strong></span> <span class='ocrx_word' id='word_1_159' title='bbox 1486 3007 1490 3016; x_wconf 86' lang='grc'>’</span> 
     </span>
    </p>

    <p class='ocr_par' dir='ltr' id='par_1_8' title="bbox 529 3094 1372 3180">
     <span class='ocr_line' id='line_1_26' title="bbox 529 3094 1372 3180; baseline -0.002 -20"><span class='ocrx_word' id='word_1_160' title='bbox 529 3101 531 3104; x_wconf 82' lang='grc'><strong>’</strong></span> <span class='ocrx_word' id='word_1_161' title='bbox 569 3115 631 3160; x_wconf 91' lang='lat' dir='ltr'><strong>non</strong></span> <span class='ocrx_word' id='word_1_162' title='bbox 653 3095 731 3160; x_wconf 87' lang='lat' dir='ltr'><strong>alibi</strong></span> <span class='ocrx_word' id='word_1_163' title='bbox 753 3095 907 3180; x_wconf 87' lang='lat' dir='ltr'><strong>populos,</strong></span> <span class='ocrx_word' id='word_1_164' title='bbox 934 3115 1032 3160; x_wconf 87' lang='lat' dir='ltr'><strong>saeva</strong></span> <span class='ocrx_word' id='word_1_165' title='bbox 1053 3115 1115 3160; x_wconf 93' lang='lat' dir='ltr'><strong>non</strong></span> <span class='ocrx_word' id='word_1_166' title='bbox 1139 3094 1271 3160; x_wconf 88' lang='lat' dir='ltr'><strong>Perside</strong></span> <span class='ocrx_word' id='word_1_167' title='bbox 1294 3095 1372 3161; x_wconf 81' lang='lat' dir='ltr'><strong>vidi.</strong></span> 
     </span>
    </p>

    <p class='ocr_par' dir='ltr' id='par_1_9' title="bbox 569 3198 1433 3282">
     <span class='ocr_line' id='line_1_27' title="bbox 569 3198 1433 3282; baseline 0.001 -18"><span class='ocrx_word' id='word_1_168' title='bbox 569 3220 642 3264; x_wconf 87' lang='lat' dir='ltr'><strong>nam</strong></span> <span class='ocrx_word' id='word_1_169' title='bbox 665 3199 812 3282; x_wconf 86' lang='lat' dir='ltr'><strong>quotiens</strong></span> <span class='ocrx_word' id='word_1_170' title='bbox 833 3199 934 3264; x_wconf 88' lang='lat' dir='ltr'><strong>victos</strong></span> <span class='ocrx_word' id='word_1_171' title='bbox 957 3199 1065 3265; x_wconf 85' lang='lat' dir='ltr'><strong>hostes</strong></span> <span class='ocrx_word' id='word_1_172' title='bbox 1089 3198 1166 3264; x_wconf 87' lang='lat' dir='ltr'><strong>darc</strong></span> <span class='ocrx_word' id='word_1_173' title='bbox 1188 3205 1280 3282; x_wconf 88' lang='lat' dir='ltr'><strong>terga</strong></span> <span class='ocrx_word' id='word_1_174' title='bbox 1302 3199 1433 3282; x_wconf 90' lang='lat' dir='ltr'><strong>subegi,</strong></span> 
     </span>
    </p>

    <p class='ocr_par' dir='ltr' id='par_1_10' title="bbox 461 3301 1494 4321">
     <span class='ocr_line' id='line_1_28' title="bbox 461 3301 1265 3387; baseline 0.002 -21"><span class='ocrx_word' id='word_1_175' title='bbox 461 3329 473 3366; x_wconf 80' lang='lat'>5</span> <span class='ocrx_word' id='word_1_176' title='bbox 569 3301 726 3387; x_wconf 87' lang='lat' dir='ltr'><strong>intrepido</strong></span> <span class='ocrx_word' id='word_1_177' title='bbox 749 3301 866 3368; x_wconf 74' lang='lat' dir='ltr'><strong>mtiens</strong></span> <span class='ocrx_word' id='word_1_178' title='bbox 889 3303 979 3368; x_wconf 90' lang='lat' dir='ltr'><strong>vultu</strong></span> <span class='ocrx_word' id='word_1_179' title='bbox 1002 3303 1126 3375; x_wconf 82' lang='lat' dir='ltr'><strong>rediere,</strong></span> <span class='ocrx_word' id='word_1_180' title='bbox 1148 3302 1265 3368; x_wconf 85' lang='lat' dir='ltr'><strong>minaci</strong></span> 
     </span>
     <span class='ocr_line' id='line_1_29' title="bbox 570 3405 1494 3488; baseline -0.003 -18"><span class='ocrx_word' id='word_1_181' title='bbox 570 3425 640 3470; x_wconf 91' lang='lat' dir='ltr'><strong>cum</strong></span> <span class='ocrx_word' id='word_1_182' title='bbox 663 3405 790 3471; x_wconf 86' lang='lat' dir='ltr'><strong>fremitu</strong></span> <span class='ocrx_word' id='word_1_183' title='bbox 814 3406 961 3488; x_wconf 88' lang='lat' dir='ltr'><strong>saltuque</strong></span> <span class='ocrx_word' id='word_1_184' title='bbox 983 3405 1061 3471; x_wconf 84' lang='lat' dir='ltr'><strong>fero.</strong></span> <span class='ocrx_word' id='word_1_185' title='bbox 1109 3413 1216 3471; x_wconf 88' lang='lat' dir='ltr'><strong>tamen</strong></span> <span class='ocrx_word' id='word_1_186' title='bbox 1238 3406 1349 3472; x_wconf 89' lang='lat' dir='ltr'><strong>ordine</strong></span> <span class='ocrx_word' id='word_1_187' title='bbox 1372 3425 1494 3472; x_wconf 86' lang='lat' dir='ltr'><strong>summo</strong></span> 
     </span>
     <span class='ocr_line' id='line_1_30' title="bbox 570 3508 1285 3576; baseline 0 -2"><span class='ocrx_word' id='word_1_188' title='bbox 570 3517 602 3574; x_wconf 93' lang='lat' dir='ltr'><strong>et</strong></span> <span class='ocrx_word' id='word_1_189' title='bbox 623 3508 723 3575; x_wconf 90' lang='lat' dir='ltr'><strong>nostri</strong></span> <span class='ocrx_word' id='word_1_190' title='bbox 745 3509 861 3574; x_wconf 81' lang='lat' dir='ltr'><strong>virtute</strong></span> <span class='ocrx_word' id='word_1_191' title='bbox 885 3509 937 3575; x_wconf 90' lang='lat' dir='ltr'><strong>dei</strong></span> <span class='ocrx_word' id='word_1_192' title='bbox 960 3510 1122 3576; x_wconf 85' lang='lat' dir='ltr'><strong>confracte</strong></span> <span class='ocrx_word' id='word_1_193' title='bbox 1144 3509 1285 3576; x_wconf 82' lang='lat' dir='ltr'><strong>recessit.</strong></span> 
     </span>
     <span class='ocr_line' id='line_1_31' title="bbox 569 3613 1290 3697; baseline 0.003 -19"><span class='ocrx_word' id='word_1_194' title='bbox 569 3633 653 3679; x_wconf 91' lang='lat' dir='ltr'><strong>nunc</strong></span> <span class='ocrx_word' id='word_1_195' title='bbox 676 3613 813 3697; x_wconf 81' lang='lat' dir='ltr'><strong>Libycos</strong></span> <span class='ocrx_word' id='word_1_196' title='bbox 835 3613 915 3678; x_wconf 86' lang='lat' dir='ltr'><strong>fines</strong></span> <span class='ocrx_word' id='word_1_197' title='bbox 938 3614 1031 3678; x_wconf 90' lang='lat' dir='ltr'><strong>solito</strong></span> <span class='ocrx_word' id='word_1_198' title='bbox 1053 3613 1184 3680; x_wconf 90' lang='lat' dir='ltr'><strong>custode</strong></span> <span class='ocrx_word' id='word_1_199' title='bbox 1207 3614 1290 3680; x_wconf 91' lang='lat' dir='ltr'><strong>tueri</strong></span> 
     </span>
     <span class='ocr_line' id='line_1_32' title="bbox 569 3717 1302 3803; baseline 0.001 -21"><span class='ocrx_word' id='word_1_200' title='bbox 569 3737 607 3782; x_wconf 91' lang='lat' dir='ltr'><strong>ac</strong></span> <span class='ocrx_word' id='word_1_201' title='bbox 630 3718 770 3782; x_wconf 89' lang='lat' dir='ltr'><strong>celerare</strong></span> <span class='ocrx_word' id='word_1_202' title='bbox 792 3717 898 3803; x_wconf 87' lang='lat' dir='ltr'><strong>placet</strong></span> <span class='ocrx_word' id='word_1_203' title='bbox 920 3717 1028 3783; x_wconf 80' lang='lat' dir='ltr'><strong>felicia</strong></span> <span class='ocrx_word' id='word_1_204' title='bbox 1049 3737 1150 3801; x_wconf 86' lang='lat' dir='ltr'><strong>regna</strong></span> <span class='ocrx_word' id='word_1_205' title='bbox 1171 3717 1302 3784; x_wconf 85' lang='lat' dir='ltr'><strong>referre.</strong></span> 
     </span>
     <span class='ocr_line' id='line_1_33' title="bbox 569 3819 1400 3906; baseline 0.001 -20"><span class='ocrx_word' id='word_1_206' title='bbox 569 3819 657 3887; x_wconf 86' lang='lat' dir='ltr'><strong>ocius</strong></span> <span class='ocrx_word' id='word_1_207' title='bbox 679 3821 713 3885; x_wconf 94' lang='lat' dir='ltr'><strong>in</strong></span> <span class='ocrx_word' id='word_1_208' title='bbox 736 3819 882 3906; x_wconf 89' lang='lat' dir='ltr'><strong>proprias</strong></span> <span class='ocrx_word' id='word_1_209' title='bbox 905 3840 1117 3905; x_wconf 86' lang='lat' dir='ltr'><strong>numerosque</strong></span> <span class='ocrx_word' id='word_1_210' title='bbox 1139 3821 1282 3888; x_wconf 88' lang='lat' dir='ltr'><strong>reducite</strong></span> <span class='ocrx_word' id='word_1_211' title='bbox 1305 3821 1400 3888; x_wconf 88' lang='lat' dir='ltr'><strong>sedes</strong></span> 
     </span>
     <span class='ocr_line' id='line_1_34' title="bbox 569 3924 1350 4009; baseline 0.001 -19"><span class='ocrx_word' id='word_1_212' title='bbox 569 3930 602 3990; x_wconf 89' lang='lat' dir='ltr'><strong>ct</strong></span> <span class='ocrx_word' id='word_1_213' title='bbox 622 3925 742 3990; x_wconf 87' lang='lat' dir='ltr'><strong>munito</strong></span> <span class='ocrx_word' id='word_1_214' title='bbox 764 3926 861 3990; x_wconf 90' lang='lat' dir='ltr'><strong>locos.</strong></span> <span class='ocrx_word' id='word_1_215' title='bbox 911 3924 1013 3990; x_wconf 89' lang='lat' dir='ltr'><strong>celsos</strong></span> <span class='ocrx_word' id='word_1_216' title='bbox 1035 3924 1188 4009; x_wconf 77' lang='lat' dir='ltr'><strong>indagine</strong></span> <span class='ocrx_word' id='word_1_217' title='bbox 1211 3932 1350 4008; x_wconf 89' lang='lat' dir='ltr'><strong>montes,</strong></span> 
     </span>
     <span class='ocr_line' id='line_1_35' title="bbox 569 4027 1452 4112; baseline 0.002 -20"><span class='ocrx_word' id='word_1_218' title='bbox 569 4036 677 4110; x_wconf 86' lang='lat' dir='ltr'><strong>antra,</strong></span> <span class='ocrx_word' id='word_1_219' title='bbox 703 4039 832 4111; x_wconf 88' lang='lat' dir='ltr'><strong>nemus,</strong></span> <span class='ocrx_word' id='word_1_220' title='bbox 858 4027 990 4111; x_wconf 85' lang='lat' dir='ltr'><strong>fluvios,</strong></span> <span class='ocrx_word' id='word_1_221' title='bbox 1017 4029 1169 4094; x_wconf 83' lang='lat' dir='ltr'><strong>silvarum</strong></span> <span class='ocrx_word' id='word_1_222' title='bbox 1193 4029 1285 4112; x_wconf 81' lang='lat' dir='ltr'><strong>laxa,</strong></span> <span class='ocrx_word' id='word_1_223' title='bbox 1312 4030 1452 4095; x_wconf 86' lang='lat' dir='ltr'><strong>latebras</strong></span> 
     </span>
     <span class='ocr_line' id='line_1_36' title="bbox 569 4132 1388 4217; baseline -0.001 -20"><span class='ocrx_word' id='word_1_224' title='bbox 569 4132 704 4217; x_wconf 84' lang='lat' dir='ltr'><strong>cingite,</strong></span> <span class='ocrx_word' id='word_1_225' title='bbox 731 4140 762 4198; x_wconf 87' lang='lat' dir='ltr'><strong>et</strong></span> <span class='ocrx_word' id='word_1_226' title='bbox 784 4133 934 4198; x_wconf 86' lang='lat' dir='ltr'><strong>obsessas</strong></span> <span class='ocrx_word' id='word_1_227' title='bbox 958 4132 1042 4198; x_wconf 88' lang='lat' dir='ltr'><strong>cauti</strong></span> <span class='ocrx_word' id='word_1_228' title='bbox 1065 4132 1243 4198; x_wconf 82' lang='lat' dir='ltr'><strong>concludite</strong></span> <span class='ocrx_word' id='word_1_229' title='bbox 1267 4132 1388 4198; x_wconf 81' lang='lat' dir='ltr'><strong>lauces</strong></span> 
     </span>
     <span class='ocr_line' id='line_1_37' title="bbox 568 4235 1424 4321; baseline 0.002 -20"><span class='ocrx_word' id='word_1_230' title='bbox 568 4243 710 4321; x_wconf 88' lang='lat' dir='ltr'><strong>tempore</strong></span> <span class='ocrx_word' id='word_1_231' title='bbox 732 4236 792 4301; x_wconf 84' lang='lat' dir='ltr'><strong>sub</strong></span> <span class='ocrx_word' id='word_1_232' title='bbox 814 4235 940 4302; x_wconf 91' lang='lat' dir='ltr'><strong>modico</strong></span> <span class='ocrx_word' id='word_1_233' title='bbox 963 4235 1066 4321; x_wconf 89' lang='lat' dir='ltr'><strong>periet</strong></span> <span class='ocrx_word' id='word_1_234' title='bbox 1087 4254 1170 4319; x_wconf 90' lang='lat' dir='ltr'><strong>gens</strong></span> <span class='ocrx_word' id='word_1_235' title='bbox 1190 4235 1290 4321; x_wconf 88' lang='lat' dir='ltr'><strong>impia</strong></span> <span class='ocrx_word' id='word_1_236' title='bbox 1312 4237 1424 4303; x_wconf 86' lang='lat' dir='ltr'><strong>Maura</strong></span> 
     </span>
    </p>

    <p class='ocr_par' dir='ltr' id='par_1_11' title="bbox 461 4338 1518 5150">
     <span class='ocr_line' id='line_1_38' title="bbox 461 4338 1518 4426; baseline 0.002 -22"><span class='ocrx_word' id='word_1_237' title='bbox 461 4366 473 4404; x_wconf 73' lang='lat' dir='ltr'><strong>c</strong></span> <span class='ocrx_word' id='word_1_238' title='bbox 569 4338 757 4424; x_wconf 88' lang='lat' dir='ltr'><strong>deficietque</strong></span> <span class='ocrx_word' id='word_1_239' title='bbox 779 4339 875 4405; x_wconf 83' lang='lat' dir='ltr'><strong>lame.</strong></span> <span class='ocrx_word' id='word_1_240' title='bbox 921 4347 977 4406; x_wconf 89' lang='lat' dir='ltr'><strong>aut</strong></span> <span class='ocrx_word' id='word_1_241' title='bbox 999 4340 1115 4405; x_wconf 87' lang='lat' dir='ltr'><strong>nostris</strong></span> <span class='ocrx_word' id='word_1_242' title='bbox 1138 4359 1172 4405; x_wconf 91' lang='lat' dir='ltr'><strong>se</strong></span> <span class='ocrx_word' id='word_1_243' title='bbox 1195 4340 1339 4426; x_wconf 92' lang='lat' dir='ltr'><strong>protinus</strong></span> <span class='ocrx_word' id='word_1_244' title='bbox 1361 4340 1459 4406; x_wconf 90' lang='lat' dir='ltr'><strong>armis</strong></span> <span class='ocrx_word' id='word_1_245' title='bbox 1516 4391 1518 4396; x_wconf 83' lang='lat'><em>.</em></span> 
     </span>
     <span class='ocr_line' id='line_1_39' title="bbox 569 4431 1344 4529; baseline 0.001 -21"><span class='ocrx_word' id='word_1_246' title='bbox 569 4443 704 4511; x_wconf 88' lang='lat' dir='ltr'><strong>subiciet</strong></span> <span class='ocrx_word' id='word_1_247' title='bbox 725 4462 899 4529; x_wconf 85' lang='lat' dir='ltr'><strong>pacemque</strong></span> <span class='ocrx_word' id='word_1_248' title='bbox 921 4449 1025 4528; x_wconf 87' lang='lat' dir='ltr'><strong>petet,</strong></span> <span class='ocrx_word' id='word_1_249' title='bbox 1052 4442 1080 4508; x_wconf 95' lang='lat' dir='ltr'><strong>si</strong></span> <span class='ocrx_word' id='word_1_250' title='bbox 1102 4443 1203 4509; x_wconf 85' lang='lat' dir='ltr'><strong>milite</strong></span> <span class='ocrx_word' id='word_1_251' title='bbox 1225 4445 1318 4529; x_wconf 88' lang='lat' dir='ltr'><strong>pulso</strong></span> <span class='ocrx_word' id='word_1_252' title='bbox 1343 4431 1344 4436; x_wconf 29' lang='lat'>¹</span> 
     </span>
     <span class='ocr_line' id='line_1_40' title="bbox 568 4546 1420 4632; baseline 0.001 -21"><span class='ocrx_word' id='word_1_253' title='bbox 568 4567 630 4612; x_wconf 93' lang='lat' dir='ltr'><strong>non</strong></span> <span class='ocrx_word' id='word_1_254' title='bbox 653 4546 760 4613; x_wconf 80' lang='lat' dir='ltr'><strong>valcat</strong></span> <span class='ocrx_word' id='word_1_255' title='bbox 782 4547 936 4632; x_wconf 87' lang='lat' dir='ltr'><strong>populare</strong></span> <span class='ocrx_word' id='word_1_256' title='bbox 959 4567 1071 4630; x_wconf 87' lang='lat' dir='ltr'><strong>casas,</strong></span> <span class='ocrx_word' id='word_1_257' title='bbox 1099 4554 1155 4613; x_wconf 89' lang='lat' dir='ltr'><strong>aut</strong></span> <span class='ocrx_word' id='word_1_258' title='bbox 1177 4547 1289 4612; x_wconf 90' lang='lat' dir='ltr'><strong>ultima</strong></span> <span class='ocrx_word' id='word_1_259' title='bbox 1311 4547 1420 4614; x_wconf 90' lang='lat' dir='ltr'><strong>mundi</strong></span> 
     </span>
     <span class='ocr_line' id='line_1_41' title="bbox 569 4650 1398 4735; baseline -0.001 -20"><span class='ocrx_word' id='word_1_260' title='bbox 569 4658 699 4735; x_wconf 86' lang='lat' dir='ltr'><strong>appetet</strong></span> <span class='ocrx_word' id='word_1_261' title='bbox 720 4671 798 4716; x_wconf 87' lang='lat' dir='ltr'><strong>arva</strong></span> <span class='ocrx_word' id='word_1_262' title='bbox 821 4650 938 4734; x_wconf 82' lang='lat' dir='ltr'><strong>fugax,</strong></span> <span class='ocrx_word' id='word_1_263' title='bbox 966 4658 997 4716; x_wconf 87' lang='lat' dir='ltr'><strong>et</strong></span> <span class='ocrx_word' id='word_1_264' title='bbox 1018 4657 1143 4716; x_wconf 86' lang='lat' dir='ltr'><strong>nostras</strong></span> <span class='ocrx_word' id='word_1_265' title='bbox 1166 4650 1294 4717; x_wconf 88' lang='lat' dir='ltr'><strong>deseret</strong></span> <span class='ocrx_word' id='word_1_266' title='bbox 1315 4671 1398 4717; x_wconf 83' lang='lat' dir='ltr'><strong>ores.</strong></span> 
     </span>
     <span class='ocr_line' id='line_1_42' title="bbox 570 4753 1341 4839; baseline 0.003 -21"><span class='ocrx_word' id='word_1_267' title='bbox 570 4753 700 4839; x_wconf 84' lang='lat' dir='ltr'><strong>Byzacii</strong></span> <span class='ocrx_word' id='word_1_268' title='bbox 722 4753 860 4838; x_wconf 80' lang='lat' dir='ltr'><strong>geminis</strong></span> <span class='ocrx_word' id='word_1_269' title='bbox 883 4754 1017 4820; x_wconf 82' lang='lat' dir='ltr'><strong>dacibus</strong></span> <span class='ocrx_word' id='word_1_270' title='bbox 1040 4754 1081 4819; x_wconf 93' lang='lat' dir='ltr'><strong>sit</strong></span> <span class='ocrx_word' id='word_1_271' title='bbox 1102 4754 1244 4820; x_wconf 84' lang='lat' dir='ltr'><strong>maxima</strong></span> <span class='ocrx_word' id='word_1_272' title='bbox 1265 4773 1341 4820; x_wconf 90' lang='lat' dir='ltr'><strong>cura</strong></span> 
     </span>
     <span class='ocr_line' id='line_1_43' title="bbox 569 4857 1254 4943; baseline 0.001 -21"><span class='ocrx_word' id='word_1_273' title='bbox 569 4859 730 4943; x_wconf 80' lang='lat' dir='ltr'><strong>Massylas</strong></span> <span class='ocrx_word' id='word_1_274' title='bbox 753 4859 840 4924; x_wconf 85' lang='lat' dir='ltr'><strong>acies</strong></span> <span class='ocrx_word' id='word_1_275' title='bbox 862 4857 932 4923; x_wconf 93' lang='lat' dir='ltr'><strong>acie</strong></span> <span class='ocrx_word' id='word_1_276' title='bbox 954 4859 1083 4924; x_wconf 86' lang='lat' dir='ltr'><strong>turbare</strong></span> <span class='ocrx_word' id='word_1_277' title='bbox 1106 4857 1254 4940; x_wconf 88' lang='lat' dir='ltr'><strong>sequaci,</strong></span> 
     </span>
     <span class='ocr_line' id='line_1_44' title="bbox 570 4957 1365 5046; baseline -0.001 -19"><span class='ocrx_word' id='word_1_278' title='bbox 570 4957 717 5028; x_wconf 87' lang='lat' dir='ltr'><strong>sollicitis</strong></span> <span class='ocrx_word' id='word_1_279' title='bbox 739 4962 847 5028; x_wconf 86' lang='lat' dir='ltr'><strong>tristes</strong></span> <span class='ocrx_word' id='word_1_280' title='bbox 870 4961 988 5045; x_wconf 84' lang='lat' dir='ltr'><strong>gladiis</strong></span> <span class='ocrx_word' id='word_1_281' title='bbox 1011 4981 1145 5046; x_wconf 91' lang='lat' dir='ltr'><strong>urguere</strong></span> <span class='ocrx_word' id='word_1_282' title='bbox 1167 4960 1365 5046; x_wconf 89' lang='lat' dir='ltr'><strong>phalanges,</strong></span> 
     </span>
     <span class='ocr_line' id='line_1_45' title="bbox 570 5063 1395 5150; baseline -0.005 -17"><span class='ocrx_word' id='word_1_283' title='bbox 570 5074 602 5133; x_wconf 87' lang='lat' dir='ltr'><strong>et</strong></span> <span class='ocrx_word' id='word_1_284' title='bbox 623 5066 732 5150; x_wconf 87' lang='lat' dir='ltr'><strong>procul</strong></span> <span class='ocrx_word' id='word_1_285' title='bbox 757 5085 777 5130; x_wconf 90' lang='lat' dir='ltr'><strong>a</strong></span> <span class='ocrx_word' id='word_1_286' title='bbox 798 5065 913 5130; x_wconf 90' lang='lat' dir='ltr'><strong>nostris</strong></span> <span class='ocrx_word' id='word_1_287' title='bbox 936 5065 1098 5150; x_wconf 84' lang='lat' dir='ltr'><strong>expellere</strong></span> <span class='ocrx_word' id='word_1_288' title='bbox 1120 5063 1237 5130; x_wconf 88' lang='lat' dir='ltr'><strong>linibus</strong></span> <span class='ocrx_word' id='word_1_289' title='bbox 1260 5064 1395 5132; x_wconf 85' lang='lat' dir='ltr'><strong>hostes&#39;.</strong></span> 
     </span>
    </p>
   </div>
   <div class='ocr_carea' id='block_1_4' title="bbox 185 5286 594 5304">
    <p class='ocr_par' dir='ltr' id='par_1_12' title="bbox 185 5286 594 5304">
     <span class='ocr_line' id='line_1_46' title="bbox 185 5286 594 5304; baseline 0 -4"><span class='ocrx_word' id='word_1_290' title='bbox 185 5286 594 5304; x_wconf 49' lang='lat' dir='ltr'><strong>*W</strong></span> 
     </span>
    </p>
   </div>
   <div class='ocr_carea' id='block_1_5' title="bbox 183 5409 1800 5826">
    <p class='ocr_par' dir='ltr' id='par_1_13' title="bbox 183 5409 1800 5826">
     <span class='ocr_line' id='line_1_47' title="bbox 255 5409 1800 5474; baseline -0.003 -6"><span class='ocrx_word' id='word_1_291' title='bbox 255 5417 456 5468; x_wconf 76' lang='lat' dir='ltr'><strong>‘JrurrrorumT</strong></span> <span class='ocrx_word' id='word_1_292' title='bbox 561 5415 589 5466; x_wconf 81' lang='lat'><strong>11</strong></span> <span class='ocrx_word' id='word_1_293' title='bbox 611 5413 730 5464; x_wconf 75' lang='lat' dir='ltr'><strong>uuuntT</strong></span> <span class='ocrx_word' id='word_1_294' title='bbox 836 5411 864 5462; x_wconf 89' lang='grc'><strong>18</strong></span> <span class='ocrx_word' id='word_1_295' title='bbox 883 5413 992 5474; x_wconf 77' lang='lat' dir='ltr'><strong>fregellis</strong></span> <span class='ocrx_word' id='word_1_296' title='bbox 1009 5412 1029 5460; x_wconf 90' lang='grc' dir='ltr'><em>Τ</em></span> <span class='ocrx_word' id='word_1_297' title='bbox 1132 5411 1165 5460; x_wconf 78' lang='grc'><strong>20</strong></span> <span class='ocrx_word' id='word_1_298' title='bbox 1183 5409 1348 5472; x_wconf 75' lang='lat' dir='ltr'><strong>exagitantT</strong></span> <span class='ocrx_word' id='word_1_299' title='bbox 1449 5409 1480 5461; x_wconf 75' lang='lat'><strong>21</strong></span> <span class='ocrx_word' id='word_1_300' title='bbox 1500 5425 1589 5461; x_wconf 80' lang='lat' dir='ltr'><strong>rursus</strong></span> <span class='ocrx_word' id='word_1_301' title='bbox 1605 5412 1631 5472; x_wconf 89' lang='grc' dir='ltr'><strong>Τ,</strong></span> <span class='ocrx_word' id='word_1_302' title='bbox 1651 5427 1737 5463; x_wconf 74' lang='lat' dir='ltr'><strong>crimus</strong></span> <span class='ocrx_word' id='word_1_303' title='bbox 1754 5415 1800 5464; x_wconf 85' lang='lat' dir='ltr'><strong>du-</strong></span> 
     </span>
     <span class='ocr_line' id='line_1_48' title="bbox 185 5495 1800 5566; baseline -0.009 -14"><span class='ocrx_word' id='word_1_304' title='bbox 185 5505 264 5554; x_wconf 81' lang='lat' dir='ltr'><strong>litcas</strong></span> <span class='ocrx_word' id='word_1_305' title='bbox 283 5507 358 5554; x_wconf 78' lang='lat' dir='ltr'><strong>Bclrlr.</strong></span> <span class='ocrx_word' id='word_1_306' title='bbox 464 5503 496 5553; x_wconf 77' lang='lat'><strong>30</strong></span> <span class='ocrx_word' id='word_1_307' title='bbox 514 5517 578 5566; x_wconf 77' lang='lat' dir='ltr'><strong>qnae</strong></span> <span class='ocrx_word' id='word_1_308' title='bbox 598 5502 687 5562; x_wconf 64' lang='lat' dir='ltr'><strong>Moza,</strong></span> <span class='ocrx_word' id='word_1_309' title='bbox 713 5515 786 5563; x_wconf 88' lang='lat' dir='ltr'><strong>quem</strong></span> <span class='ocrx_word' id='word_1_310' title='bbox 810 5501 831 5547; x_wconf 99' lang='grc' dir='ltr'><em>Τ</em></span> <span class='ocrx_word' id='word_1_311' title='bbox 933 5498 965 5548; x_wconf 83' lang='grc'><strong>33</strong></span> <span class='ocrx_word' id='word_1_312' title='bbox 984 5500 1043 5548; x_wconf 80' lang='lat' dir='ltr'><strong>nllbl</strong></span> <span class='ocrx_word' id='word_1_313' title='bbox 1061 5501 1157 5561; x_wconf 76' lang='lat' dir='ltr'><strong>scripsi,</strong></span> <span class='ocrx_word' id='word_1_314' title='bbox 1177 5499 1239 5547; x_wconf 76' lang='lat' dir='ltr'><strong>sllrls</strong></span> <span class='ocrx_word' id='word_1_315' title='bbox 1259 5499 1285 5560; x_wconf 86' lang='grc' dir='ltr'><strong>Τ,</strong></span> <span class='ocrx_word' id='word_1_316' title='bbox 1306 5498 1378 5546; x_wconf 78' lang='lat' dir='ltr'><strong>Albis</strong></span> <span class='ocrx_word' id='word_1_317' title='bbox 1398 5495 1473 5547; x_wconf 68' lang='lat' dir='ltr'><strong>aasz.</strong></span> <span class='ocrx_word' id='word_1_318' title='bbox 1580 5499 1673 5560; x_wconf 83' lang='lat' dir='ltr'><strong>perllde</strong></span> <span class='ocrx_word' id='word_1_319' title='bbox 1696 5500 1724 5561; x_wconf 86' lang='grc' dir='ltr'><strong>Τ,</strong></span> <span class='ocrx_word' id='word_1_320' title='bbox 1745 5517 1800 5550; x_wconf 65' lang='grc' dir='ltr'><strong>ῃρ.</strong></span> 
     </span>
     <span class='ocr_line' id='line_1_49' title="bbox 184 5583 1796 5650; baseline -0.003 -10"><span class='ocrx_word' id='word_1_321' title='bbox 184 5605 240 5640; x_wconf 80' lang='lat' dir='ltr'><strong>nam</strong></span> <span class='ocrx_word' id='word_1_322' title='bbox 253 5605 301 5640; x_wconf 88' lang='lat' dir='ltr'><strong>non</strong></span> <span class='ocrx_word' id='word_1_323' title='bbox 315 5590 544 5639; x_wconf 77' lang='lat' dir='ltr'><strong>Pcrslrladutltom</strong></span> <span class='ocrx_word' id='word_1_324' title='bbox 557 5589 629 5639; x_wconf 77' lang='lat' dir='ltr'><strong>aar.</strong></span> <span class='ocrx_word' id='word_1_325' title='bbox 737 5587 768 5637; x_wconf 82' lang='lat'><strong>³5</strong></span> <span class='ocrx_word' id='word_1_326' title='bbox 788 5587 909 5648; x_wconf 84' lang='lat' dir='ltr'><strong>intrepidi</strong></span> <span class='ocrx_word' id='word_1_327' title='bbox 921 5585 1035 5634; x_wconf 77' lang='lat' dir='ltr'><strong>debltam</strong></span> <span class='ocrx_word' id='word_1_328' title='bbox 1048 5585 1123 5634; x_wconf 79' lang='lat' dir='ltr'><strong>Bclrla</strong></span> <span class='ocrx_word' id='word_1_329' title='bbox 1228 5584 1381 5646; x_wconf 82' lang='lat' dir='ltr'><strong>quotiensT</strong></span> <span class='ocrx_word' id='word_1_330' title='bbox 1483 5583 1515 5632; x_wconf 85' lang='lat'><strong>39</strong></span> <span class='ocrx_word' id='word_1_331' title='bbox 1533 5598 1561 5632; x_wconf 78' lang='lat' dir='ltr'><strong>ac</strong></span> <span class='ocrx_word' id='word_1_332' title='bbox 1579 5585 1687 5634; x_wconf 75' lang='lat' dir='ltr'><strong>celerare</strong></span> <span class='ocrx_word' id='word_1_333' title='bbox 1703 5591 1796 5650; x_wconf 77' lang='lat' dir='ltr'><strong>scripsi,</strong></span> 
     </span>
     <span class='ocr_line' id='line_1_50' title="bbox 183 5669 1800 5736; baseline -0.008 -10"><span class='ocrx_word' id='word_1_334' title='bbox 183 5679 317 5727; x_wconf 74' lang='lat' dir='ltr'><strong>accelerare</strong></span> <span class='ocrx_word' id='word_1_335' title='bbox 338 5676 358 5724; x_wconf 90' lang='grc' dir='ltr'><em>Τ</em></span> <span class='ocrx_word' id='word_1_336' title='bbox 495 5675 528 5727; x_wconf 75' lang='lat'><strong>⁴4</strong></span> <span class='ocrx_word' id='word_1_337' title='bbox 552 5677 635 5725; x_wconf 76' lang='lat' dir='ltr'><strong>linum</strong></span> <span class='ocrx_word' id='word_1_338' title='bbox 655 5673 749 5736; x_wconf 70' lang='lat' dir='ltr'><strong>Mosa,</strong></span> <span class='ocrx_word' id='word_1_339' title='bbox 778 5687 879 5722; x_wconf 77' lang='lat' dir='ltr'><strong>mauron</strong></span> <span class='ocrx_word' id='word_1_340' title='bbox 901 5673 932 5734; x_wconf 84' lang='grc' dir='ltr'><strong>Τ,</strong></span> <span class='ocrx_word' id='word_1_341' title='bbox 961 5671 1070 5732; x_wconf 68' lang='lat' dir='ltr'><strong>[malton</strong></span> <span class='ocrx_word' id='word_1_342' title='bbox 1088 5671 1172 5720; x_wconf 78' lang='lat' dir='ltr'><strong>ldaaax</strong></span> <span class='ocrx_word' id='word_1_343' title='bbox 1310 5669 1343 5718; x_wconf 78' lang='lat' dir='ltr'><strong>lo</strong></span> <span class='ocrx_word' id='word_1_344' title='bbox 1367 5670 1490 5718; x_wconf 83' lang='lat' dir='ltr'><strong>nublclent</strong></span> <span class='ocrx_word' id='word_1_345' title='bbox 1518 5669 1539 5716; x_wconf 84' lang='grc' dir='ltr'><em>Τ</em></span> <span class='ocrx_word' id='word_1_346' title='bbox 1672 5681 1759 5734; x_wconf 63' lang='lat' dir='ltr'><strong>potone</strong></span> <span class='ocrx_word' id='word_1_347' title='bbox 1781 5673 1800 5721; x_wconf 75' lang='grc' dir='ltr'><em>Τ</em></span> 
     </span>
     <span class='ocr_line' id='line_1_51' title="bbox 183 5756 1228 5826; baseline -0.009 -14"><span class='ocrx_word' id='word_1_348' title='bbox 183 5763 210 5814; x_wconf 79' lang='grc'><strong>51</strong></span> <span class='ocrx_word' id='word_1_349' title='bbox 234 5765 352 5813; x_wconf 78' lang='lat' dir='ltr'><strong>sollicitas</strong></span> <span class='ocrx_word' id='word_1_350' title='bbox 373 5761 393 5809; x_wconf 90' lang='grc' dir='ltr'><em>Τ</em></span> <span class='ocrx_word' id='word_1_351' title='bbox 498 5761 529 5812; x_wconf 80' lang='lat'><strong>52</strong></span> <span class='ocrx_word' id='word_1_352' title='bbox 548 5769 574 5810; x_wconf 84' lang='lat' dir='ltr'><strong>et</strong></span> <span class='ocrx_word' id='word_1_353' title='bbox 592 5763 677 5826; x_wconf 82' lang='lat' dir='ltr'><strong>procul</strong></span> <span class='ocrx_word' id='word_1_354' title='bbox 694 5778 708 5809; x_wconf 81' lang='lat' dir='ltr'><strong>a</strong></span> <span class='ocrx_word' id='word_1_355' title='bbox 727 5762 818 5810; x_wconf 84' lang='lat' dir='ltr'><strong>nostris</strong></span> <span class='ocrx_word' id='word_1_356' title='bbox 838 5757 927 5816; x_wconf 74' lang='lat' dir='ltr'><strong>Moza,</strong></span> <span class='ocrx_word' id='word_1_357' title='bbox 948 5765 973 5808; x_wconf 87' lang='lat' dir='ltr'><strong>et</strong></span> <span class='ocrx_word' id='word_1_358' title='bbox 991 5760 1082 5808; x_wconf 86' lang='lat' dir='ltr'><strong>nostris</strong></span> <span class='ocrx_word' id='word_1_359' title='bbox 1100 5758 1183 5820; x_wconf 87' lang='lat' dir='ltr'><strong>procul</strong></span> <span class='ocrx_word' id='word_1_360' title='bbox 1207 5756 1228 5803; x_wconf 91' lang='grc' dir='ltr'><em>Τ</em></span> 
     </span>
    </p>
   </div>
   <div class='ocr_carea' id='block_1_6' title="bbox 261 5859 1594 5908">
    <p class='ocr_par' dir='ltr' id='par_1_14' title="bbox 261 5859 1594 5908">
     <span class='ocr_line' id='line_1_52' title="bbox 261 5859 1594 5908; baseline -0.001 -5"><span class='ocrx_word' id='word_1_361' title='bbox 261 5865 273 5903; x_wconf 78' lang='lat' dir='ltr'><strong>l</strong></span> <span class='ocrx_word' id='word_1_362' title='bbox 272 5865 379 5904; x_wconf 74' lang='lat' dir='ltr'><strong>rrrrrrrrr</strong></span> <span class='ocrx_word' id='word_1_363' title='bbox 1578 5859 1594 5908; x_wconf 74' lang='grc'>9</span> 
     </span>
    </p>
   </div>
   <div class='ocr_carea' id='block_1_7' title="bbox 0 0 2264 6434">
    <p class='ocr_par' dir='ltr' id='par_1_15' title="bbox 0 0 2264 6434">
     <span class='ocr_line' id='line_1_53' title="bbox 0 0 2264 6434; baseline 0 0"><span class='ocrx_word' id='word_1_364' title='bbox 0 0 2264 6434; x_wconf 95' lang='lat' dir='ltr'><strong> </strong></span> 
     </span>
    </p>
   </div>
  </div>
 </body>
</html>
