4576 6428
452 409 490 469 21
1176 405 1353 460 HISTORIA

385 599 423 656 ⁴7
539 596 641 659 XVII.
672 594 737 660 Sed
761 616 831 659 curn
855 595 939 677 ignis
960 595 1024 659 iarn
1047 595 1276 679 persecutionis
1297 596 1525 668 accenderetur
1548 605 1579 660 et
1600 594 1729 661 iiamura
1751 595 1933 662 infestantis
1955 597 2071 680 ubique
2107 587 2113 602 ’

451 700 536 782 regis
567 697 710 781 arderet,
749 697 888 764 ostendit
921 697 1001 763 deus
1035 704 1143 763 noster
1171 697 1331 782 quoddam
1360 699 1548 764 miraculum
1579 720 1636 784 per
1666 719 1791 764 servum
1822 718 1914 764 suum
1943 699 2071 765 lideieru

450 801 646 885 Eugenium,
680 801 764 883 quod
794 801 966 885 praeterire
995 821 1057 866 non
1086 801 1199 867 debeo.
1247 802 1321 867 Fuit
1350 803 1382 867 in
1413 802 1525 867 eadem
1556 803 1702 885 ululata,
1734 803 1767 869 id
1790 810 1839 869 est
1861 802 2067 886 Cartbagine,

450 905 579 990 quidam
602 924 717 970 caecus
739 905 819 969 civis
842 903 1024 988 civitatique
1046 904 1247 984 notissimus,
1277 906 1405 970 nomine
1427 903 1532 971 Felix.
1578 905 1638 970 Hic
1659 906 1808 972 visitetur
1829 927 1850 972 a
1871 905 1998 972 domino
2021 907 2071 973 di-

449 1009 593 1092 citurque
615 1008 645 1074 ei
666 1014 759 1074 nocte
780 1007 974 1093 pervisum,
1000 1007 1071 1074 dies
1093 1008 1178 1092 enirn
1200 1008 1419 1093 Epilaniorum
1440 1009 1675 1075 inlucescebat:
1702 1029 1807 1094 surge,
1833 1009 1916 1075 vade
1938 1010 1981 1076 ad
2004 1031 2104 1076 ser-a

450 1133 524 1178 vum
554 1132 660 1177 meum
682 1111 863 1195 Eugenium
893 1111 1096 1197 episcopum,
1130 1119 1162 1178 et
1190 1111 1280 1177 dices
1302 1111 1349 1194 ei,
1379 1112 1454 1195 quia
1476 1132 1536 1196 ego
1558 1120 1590 1178 te
1612 1113 1655 1178 ad
1676 1112 1768 1177 iiiuru
1791 1112 1904 1178 direxi.
1951 1114 1993 1180 Et
2012 1115 2071 1179 iiia

450 1217 610 1296 horaque
641 1214 798 1280 benedicit
820 1214 949 1298 fontem,
975 1222 1010 1282 ut
1030 1216 1231 1300 baptizentur
1252 1215 1442 1282 aecedentes
1465 1215 1508 1281 ad
1529 1215 1637 1296 tidem,
1662 1216 1826 1300 continget
1847 1217 1955 1283 oculos
1978 1225 2064 1284 tuos:

384 1325 423 1382 18
450 1319 633 1405 aperientur
655 1326 687 1385 et
704 1319 829 1385 videbis
850 1320 969 1384 iumen.
1009 1319 1073 1397 Qui
1093 1319 1152 1386 tali
1173 1319 1356 1385 visitatione
1378 1319 1595 1400 commonitus,
1621 1326 1739 1404 putans
1759 1337 1811 1412 se,
1832 1321 1988 1402 quomodo
2011 1321 2071 1386 ad-

449 1423 548 1504 solet,
579 1421 693 1488 deludi
723 1442 781 1505 per
808 1423 978 1507 somnium,
1011 1443 1144 1506 surgere
1173 1423 1275 1488 noluit
1303 1441 1428 1488 caecus
1480 1423 1548 1488 ‘Sed
1579 1443 1649 1488 curn
1678 1423 1794 1489 iterum
1823 1431 2008 1508 vergeretur
2036 1424 2069 1489 in

449 1545 592 1609 somnos,
629 1525 776 1591 similiter
805 1532 840 1591 ut
869 1526 912 1590 ad
942 1527 1120 1610 Eugenium
1151 1533 1299 1611 pergeret
1327 1527 1538 1611 compellitur.
1591 1527 1713 1592 Rursus
1741 1527 1885 1611 neglegit
1912 1528 2069 1610 tertioque
2090 1553 2118 1592 m

448 1629 637 1696 festinanter
665 1636 697 1695 et
725 1629 866 1712 graviw
892 1630 1085 1716 increpatur.
1131 1630 1259 1696 Excitet
1280 1650 1431 1714 puerum,
1463 1631 1518 1712 qui
1540 1631 1571 1696 ei
1593 1631 1704 1697 solitus
1726 1637 1795 1696 erat
1816 1651 1945 1697 manum
1968 1631 2069 1716 porri-

448 1752 536 1815 gere.
576 1733 684 1815 Pergit
698 1732 801 1798 veloei
816 1732 1019 1816 agilitate‘ad
1034 1733 1145 1798 Fausti
1159 1733 1342 1799 basilicam:
1370 1741 1440 1799 orat
1460 1733 1592 1799 veniens
1615 1753 1686 1799 cnm
1708 1733 1892 1816 ingentibus
1915 1734 2064 1816 lacrimis,

448 1835 593 1918 suggerit
606 1835 733 1901 cuidam
748 1836 893 1919 diacono,
919 1836 1046 1901 nomine
1061 1837 1245 1920 Peregrino,
1271 1843 1305 1901 ut
1320 1856 1393 1902 eum
1415 1837 1566 1921 episcopo
1588 1837 1757 1918 nuntiaret,
1783 1835 1930 1902 indicans
1952 1857 1987 1904 se
2009 1838 2069 1904 ba-

381 1947 421 2004 lii
448 1939 523 2004 bere
552 1938 683 2022 aliquod
712 1939 828 2005 secreti
856 1959 959 2022 genus
986 1939 1209 2006 intimandum.
1257 1941 1402 2006 Audiens
1424 1941 1594 2026 episcopus
1620 1941 1714 2007 iussit
1736 1942 1895 2008 bominem
1918 1942 2062 2008 introire:

446 2042 512 2106 ianr
541 2042 626 2106 enirn
652 2043 692 2108 ob
715 2042 931 2108 celebritatem
954 2042 1139 2108 festivitatis
1161 2043 1271 2127 hymni
1294 2044 1440 2109 nocturni
1462 2065 1519 2128 per
1540 2051 1638 2111 totam
1661 2045 1830 2112 ecclesiam
1852 2053 1986 2112 canente
2008 2067 2067 2131 po·
2089 2069 2118 2108 rr

446 2145 521 2230 puio
545 2147 787 2230 concrepabant.
833 2146 959 2212 Iudicat
980 2164 1095 2212 caecus
1117 2145 1252 2212 andstiti
1273 2146 1415 2212 ordinem
1438 2147 1629 2214 visitationis
1651 2167 1728 2214 suae
1751 2147 1890 2230 dicitque
1912 2148 1978 2214 iili:
2004 2170 2067 2215 non

445 2256 477 2316 te
500 2248 674 2332 dimittam,
700 2249 762 2314 nisi
784 2248 878 2332 mibi,
906 2249 988 2315 sicut
1008 2269 1029 2314 a
1050 2249 1177 2316 domino
1199 2249 1308 2316 iussus
1330 2270 1376 2332 es,
1402 2248 1580 2316 reddideris
1602 2251 1710 2316 oculos
1732 2271 1829 2316 meua.
1878 2250 1938 2317 Cui
1959 2253 2067 2334 Euge-

445 2353 517 2418 nius
540 2359 687 2418 sanctita:
713 2352 827 2418 recede
849 2373 869 2418 a
891 2371 957 2436 me,
984 2353 1099 2432 frater3
1131 2359 1280 2438 peccator
1301 2371 1372 2418 sum
1394 2360 1426 2418 ct
1447 2353 1599 2436 indignus
1622 2360 1654 2419 et
1675 2371 1770 2438 super
1791 2373 1901 2420 ornnes
1921 2353 2067 2420 homines

313 2455 325 2478 ⁰
380 2466 423 2527 50.
447 2456 654 2541 delinquens,
687 2463 795 2540 utpote
825 2456 880 2539 qui
909 2463 942 2523 et
968 2457 1003 2521 in
1030 2457 1111 2523 haec
1138 2463 1284 2542 tempora
1313 2463 1458 2523 servatus
1486 2475 1567 2522 sum.
1614 2457 1675 2522 iiie
1696 2463 1804 2523 autem
1825 2463 1938 2523 tenens
1959 2479 2067 2542 genna

360 2603 363 2612 ·
445 2561 515 2626 eius
531 2560 620 2626 aliud
634 2580 698 2625 non
712 2559 849 2642 dicebat,
875 2559 939 2625 nisi
952 2559 1037 2625 iliud
1054 2561 1139 2643 quod
1157 2560 1222 2626 iam
1237 2560 1380 2626 dixerat:
1408 2560 1490 2626 sicut
1504 2560 1627 2626 iussum
1649 2567 1708 2643 est,
1734 2559 1833 2626 redde
1856 2559 1934 2625 milri
1956 2563 2065 2627 oculos
2085 2585 2115 2625 ro

445 2682 543 2728 meos.
592 2663 778 2728 adtendens
800 2683 924 2746 quoque
946 2664 1111 2748 Eugenius
1132 2664 1168 2731 in
1188 2664 1402 2730 verecundam
1431 2663 1670 2746 credulitatem,
1704 2671 1737 2729 et
1757 2665 1833 2746 quia
1852 2663 1917 2730 iam
1939 2671 2065 2749 tempus

444 2767 611 2849 urguebat,
637 2765 743 2851 pergit
763 2787 835 2832 cum
858 2786 896 2832 eo
918 2772 1057 2833 metante
1080 2765 1185 2832 cilicio
1208 2767 1393 2833 clericorum
1415 2768 1609 2834 adlonteru.
1657 2766 1718 2833 Vbi
1740 2767 1812 2833 fixis
1834 2768 1970 2852 genibus
1993 2789 2064 2834 curn

442 2869 565 2954 ingenti
581 2869 713 2952 gemitu,
739 2870 873 2954 pulsans
888 2869 1083 2953 singultibus
1098 2871 1234 2953 caelum,
1261 2871 1452 2956 crispantem
1473 2871 1639 2937 benedixit
1660 2871 1788 2936 alveum
1811 2870 1918 2954 fontis,
1943 2878 2064 2938 etcum

443 2973 602 3058 completa
617 2973 809 3039 surrexisset
826 2973 977 3056 oratione,
1002 2974 1049 3040 ita
1071 2994 1166 3041 caeco
1189 2975 1367 3060 respondit:
1394 2975 1459 3040 iarn
1481 2975 1540 3042 tibi
1563 2974 1641 3057 dixi,
1668 2975 1766 3040 irater
1787 2973 1891 3056 Felix,
1917 2981 2065 3058 peccator

443 3097 504 3161 ego
527 3076 619 3142 homo
634 3095 723 3141 sum:
750 3076 809 3142 sed
831 3076 885 3160 qui
906 3083 938 3142 te
959 3077 1090 3144 visitare
1113 3077 1264 3162 dignatus
1287 3085 1345 3161 est,
1372 3085 1515 3164 praestet
1535 3078 1593 3144 tibi
1615 3076 1790 3145 secundum
1813 3078 1908 3144 fidem
1929 3085 2066 3145 tuamet
2083 3102 2114 3146 rs

443 3181 567 3266 aperiat
599 3181 709 3247 oculos
741 3187 828 3248 tuos:
869 3181 1027 3264 simulque
1058 3182 1178 3249 vexillo
1207 3182 1310 3249 crucis
1339 3181 1531 3266 consignans
1559 3183 1666 3248 oculos
1695 3181 1782 3260 eius,
1815 3181 1922 3248 statim
1949 3201 2064 3248 means

443 3284 546 3352 visum
570 3284 696 3350 domino
719 3284 873 3350 reddente
899 3286 1028 3371 recepit.
1076 3285 1178 3366 Quem
1207 3304 1333 3370 secum,
1367 3305 1532 3370 quousque
1563 3285 1704 3352 universi
1732 3284 1984 3369 baptizarentur,
2018 3284 2064 3350 ibi

442 3386 580 3454 detinuit
608 3388 649 3454 ob
671 3388 749 3471 hoe,
782 3409 823 3455 ue
846 3394 933 3454 tanto
956 3388 1109 3458 miraculo
1131 3389 1268 3475 populus
1290 3389 1446 3456 excitatus
1468 3389 1571 3455 virum
1593 3395 1784 3470 contereret,
1818 3387 1873 3470 qui
1901 3396 2065 3473 receperat

378 3500 415 3559 51
445 3491 563 3557 lumen.
610 3490 663 3556 Fit
683 3499 796 3577 postea
817 3491 1021 3558 manifestum
1045 3494 1201 3560 ecclesiae
1224 3492 1404 3560 universae.
1451 3492 1598 3558 Procedit
1619 3491 1664 3558 ad
1684 3493 1787 3558 altare
1809 3511 1880 3558 cum
1902 3491 2058 3576 Eugenio,
2109 3487 2112 3494 ’

445 3594 527 3660 sicut
547 3593 644 3660 moris
667 3601 732 3676 est,
757 3595 811 3679 qui
833 3594 939 3662 fuerat
960 3615 1090 3678 caecus,
1120 3617 1199 3662 suae
1221 3597 1336 3663 salutis
1358 3597 1551 3662 oblationem
1574 3595 1700 3662 domino
1722 3593 1912 3660 redditurus.
1960 3594 2062 3675 Quam
2082 3620 2113 3663 ao

446 3697 616 3782 episeopus
638 3698 800 3783 accipiens
822 3699 915 3765 altari
944 3699 1106 3785 imposuit.
1152 3700 1204 3766 Fit
1232 3701 1381 3785 strepitis
1411 3699 1530 3784 gaudio
1552 3704 1692 3765 metante
1714 3698 1937 3764 inrevocabilis
1958 3719 2063 3785 popu-

445 3801 558 3865 lorum.
612 3800 725 3866 Statim
753 3801 883 3867 nuntius
910 3803 1016 3888 pergit
1043 3802 1087 3868 ad
1115 3810 1296 3888 tyrannum.
1343 3803 1478 3886 Rapitur
1507 3802 1617 3884 Felix,
1649 3801 1818 3885 inquiritur
1846 3802 1887 3867 ab
1917 3823 1955 3868 eo
1984 3802 2062 3886 quid

444 3904 563 3984 lactum
586 3903 628 3970 sit
648 3903 847 3987 qualiterque
870 3906 1026 3990 receperit
1047 3907 1165 3973 lumen.
1205 3905 1291 3971 Dicit
1311 3905 1368 3971 iiie
1391 3926 1431 3971 ex
1453 3905 1563 3971 ordine
1585 3911 1694 3986 totum,
1721 3903 1892 3987 dicuntque
1911 3905 2061 3971 Arriano-

444 4027 513 4072 rum
543 4006 702 4092 episcopi:
736 4007 795 4073 hoe
816 4007 981 4091 Eugenins
1010 4030 1068 4095 per
1100 4007 1259 4075 maleficia
1288 4007 1374 4075 iecit.
1420 4009 1461 4076 Et
1482 4009 1559 4092 quia
1581 4007 1726 4094 oppressi
1748 4008 1932 4075 confusione
1954 4009 2062 4075 iumen

1731 4125 1742 4156 .

514 4250 688 4312 tuomlnusp
792 4252 916 4315 quoddam
934 4267 1012 4315 camp
1117 4253 1294 4314 3Eugenium
1312 4265 1360 4301 om.
1375 4253 1414 4312 Rp
1517 4252 1674 4314 mrtaginsB
1777 4251 1883 4300 luscus
1897 4252 1996 4315 quidem
2008 4269 2025 4314 p

444 4337 585 4386 ciulsBV:
603 4339 676 4386 euius
690 4337 719 4400 R,
741 4338 817 4387 huius
827 4354 853 4401 p,
875 4339 1042 4388 cluibusLet
1054 4341 1127 4399 vulpe
1233 4339 1330 4386 ciuitati
1344 4339 1373 4398 a,
1389 4339 1528 4401 ciuitatisp
1632 4337 1738 4386 bdles.
1755 4375 1761 4388 .
1776 4337 1937 4386 illucescebat
1947 4350 2024 4399 emp

444 4423 634 4486 epiphaniorum
653 4424 684 4485 1,
704 4423 942 4488 epyphaniornmil
1045 4424 1226 4474 lucescebutil
1330 4439 1403 4484 surge
1424 4423 1491 4484 liuga
1508 4424 1532 4486 p)
1554 4429 1580 4472 et
1597 4422 1662 4472 uada
1679 4422 1718 4484 ap
1839 4423 1917 4483 lisga
1934 4425 2025 4472 orn.L

444 4509 605 4559 ibenedicit
622 4510 730 4558 BERV:
749 4511 882 4560 benedixit
896 4525 922 4571 p,
944 4499 1074 4560 benedicat
1092 4511 1130 4562 ed.
1150 4509 1226 4558 Buta.
1334 4516 1389 4558 tuos
1408 4509 1493 4557 BEV:
1512 4515 1569 4558 tuos
1588 4515 1613 4557 et
1630 4509 1668 4571 Ep
1685 4513 1707 4556 ct
1724 4511 1799 4569 culpo
1913 4508 2060 4572 Superinu-

443 4603 485 4644 tur
502 4597 552 4643 BV
653 4600 771 4659 quicum
789 4598 834 4646 teli
852 4611 877 4646 u.
898 4599 1062 4646 commonitus
1084 4597 1262 4658 (commotuspi
1285 4596 1375 4657 estitp
1478 4598 1624 4645 uisitatione
1636 4596 1746 4644 BERV:
1765 4596 1863 4644 nlslone
1878 4612 1897 4658 p
1913 4601 1936 4644 ct
1949 4597 2024 4657 culpo

442 4687 516 4745 putat
533 4683 564 4745 n,
584 4685 675 4745 cogitat
691 4669 756 4747 apud
775 4697 802 4732 sc
818 4700 836 4746 p
949 4682 964 4731 9
983 4685 1104 4732 uoluitR
1208 4689 1353 4743 uergeretur
1371 4685 1396 4730 iu
1416 4696 1513 4730 somnes
1531 4682 1639 4730 BERV:
1658 4689 1811 4745 mergeretur
1828 4682 1924 4731 somnio
1940 4698 1967 4743 p,
1987 4697 2059 4744 urge-

442 4773 511 4818 retur
527 4770 553 4817 ln
572 4783 685 4818 somnum
703 4769 740 4820 cd.
757 4770 832 4820 Buta.
943 4769 973 4818 lii
990 4785 1088 4818 rursum
1107 4769 1146 4832 Rp
1252 4768 1281 4818 12
1300 4777 1352 4817 orat
1369 4774 1395 4816 et
1413 4770 1519 4817 ueniens
1535 4774 1586 4829 pet
1598 4771 1671 4829 caupo
1778 4769 1807 4818 13
1826 4768 1976 4830 dyaconolt,
1998 4771 2058 4818 sub-

441 4857 542 4905 diacono
560 4855 598 4905 cci.
619 4856 695 4906 Rutu.
820 4855 850 4906 ll
868 4856 1005 4919 ailquidB
1128 4855 1158 4904 15
1177 4857 1344 4904 celebritatem
1362 4855 1508 4903 Luctabitur
1532 4857 1683 4903 celeritatem
1702 4855 1774 4916 BVp,
1794 4855 1959 4903 sceleritatam
1978 4857 2024 4904 LR

440 4943 617 5003 testinantisp
720 4944 789 5002 ymni
801 4942 846 4991 111
951 4940 982 4992 16
1001 4941 1212 5003 increpabuutiip
1315 4941 1437 4990 antistiit
1530 4933 1646 4989 'ulcionis
1661 4956 1679 5001 p
1694 4941 1802 5001 etcuipc
1907 4940 1937 4989 l'i
1957 4949 2057 4990 sauctus

440 5027 723 5090 cosmimetriam.
848 5028 879 5077 la
897 5028 937 5076 dei
956 5027 1136 5089 linquenteap
1248 5029 1292 5088 qni
1310 5031 1337 5074 et
1354 5029 1417 5074 mci:
1436 5033 1463 5076 et
1480 5029 1525 5089 qul
1542 5027 1580 5077 cd.
1600 5026 1674 5074 Ruta.
1793 5025 1837 5074 lroc
1854 5031 1965 5088 tempore
1983 5025 2022 5088 Rp

439 5111 532 5182 genua]
550 5115 664 5163 ianuaii
778 5113 808 5162 21
830 5118 856 5163 ln
874 5114 1042 5163 uerecundam
1062 5112 1211 5162 Momasson:
1229 5113 1427 5161 inuerecundcm
1445 5113 1501 5161 iibri
1604 5113 1776 5160 crrrdeiitutcm
1795 5111 1841 5159 111
1953 5110 1985 5160 22
2004 5127 2056 5162 ure·

440 5207 509 5251 tante
528 5201 613 5250 BEV:
632 5203 764 5251 comitante
783 5201 822 5262 Lp
839 5208 862 5250 ct
878 5202 962 5262 culpo,
982 5199 1017 5260 es.
1038 5199 1096 5248 Iud.
1118 5201 1131 5247 1
1137 5200 1156 5246 V
1170 5214 1190 5248 s.
1211 5213 1268 5248 voce
1380 5199 1452 5247 nexis
1469 5213 1486 5260 p
1607 5197 1639 5246 23
1658 5193 1768 5263 alueum]
1785 5197 1856 5267 sculq
1874 5198 1904 5260 B,
1925 5211 2023 5260 aqusp

440 5291 534 5338 iontem
552 5288 591 5349 Rp
723 5286 755 5335 25
773 5286 845 5335 borno
863 5301 907 5346 ego
923 5303 941 5348 p
958 5291 981 5335 ct
998 5289 1072 5346 culpo
1192 5287 1239 5335 tibi
1256 5285 1302 5333 BL
1309 5287 1358 5347 Vp:
1377 5286 1423 5332 tibi
1442 5286 1556 5333 dominus
1575 5285 1596 5332 11
1614 5289 1637 5332 et
1653 5285 1727 5343 culpo
1858 5283 1891 5332 26
1909 5285 2057 5345 consignans

440 5375 541 5437 BRVp:
565 5376 726 5435 consignante
744 5374 780 5432 1,
806 5374 934 5431 consignat
956 5373 994 5422 cd.
1015 5373 1092 5421 Buta.
1232 5370 1263 5419 21
1288 5368 1382 5437 secum]
1407 5386 1493 5439 equum
1517 5372 1537 5417 V
1672 5382 1801 5431 quousque
1822 5371 2021 5433 baptizareturp

439 5461 472 5511 ‘28
491 5464 521 5510 ob
539 5461 584 5510 hoc
602 5465 671 5509 tanto
689 5459 805 5507 miraculo
826 5457 932 5520 (teritum
946 5460 1091 5524 miraculum
1103 5461 1128 5519 p)
1149 5473 1174 5520 p.
1195 5460 1320 5506 excitatus
1338 5460 1500 5521 comprimere
1518 5458 1601 5504 ulrum
1620 5456 1662 5518 qul
1681 5461 1806 5517 receperat
1820 5455 1905 5503 iumen
1919 5465 2057 5519 coeperunt

439 5550 478 5610 ap
581 5545 718 5610 populosB
823 5544 855 5593 23
874 5542 994 5610 procedit]
1014 5546 1067 5604 itp
1171 5543 1203 5592 30
1222 5557 1301 5605 mosp
1406 5543 1435 5592 31
1457 5549 1567 5591 metante
1580 5541 1689 5589 BERV:
1708 5546 1856 5602 prouocante
1873 5557 1890 5603 p
1908 5546 1930 5590 et
1947 5545 2022 5603 culpo

439 5635 649 5694 inestimabilisp
753 5631 785 5680 32
803 5632 943 5694 rapitusi'
1046 5629 1077 5680 33
1096 5631 1185 5696 recipit
1201 5631 1296 5679 lumen.
1328 5631 1433 5694 Dixitp
1537 5630 1573 5677 iiii
1591 5627 1662 5678 BLV
1770 5625 1801 5675 at
1820 5629 1979 5691 oppressione
1997 5642 2057 5678 ccu-

507 5722 545 5786 ap
649 5722 734 5770 iumen
754 5735 802 5769 om.
824 5719 846 5772 L
