4576 6428
651 384 755 441 PERS.
775 383 1035 442 WANDALICAE
1055 387 1129 453 1115
1149 389 1250 438 33-16
1274 387 1306 450 (V
1326 402 1349 440 c.
1371 389 1475 452 9-11).
1832 395 1865 452 51

250 578 348 658 urbis,
374 577 509 661 egregio
530 577 685 661 martyrio
709 577 848 642 coronati
861 542 948 642 ⁸sunt.
988 577 1078 642 'l'unc
1101 583 1133 642 et
1155 582 1278 661 septem
1301 576 1426 658 fratres,
1453 598 1516 644 non
1538 586 1652 643 natura
1674 578 1731 644 sed
1754 578 1868 661 gratia,

250 682 347 746 simul
370 681 403 746 in
426 681 617 746 monasterio
639 686 885 758 commanentes,
912 679 1121 746 confessionis
1137 681 1311 746 certamine
1326 681 1464 764 expleto,
1493 680 1776 746 inmarcescibilem
1800 702 1872 766 per-

249 784 468 850 veneruntad
491 804 651 867 maronam,
676 782 712 848 id
734 789 784 849 est
806 783 974 849 Liberatus
995 783 1092 866 abba,
1118 781 1298 849 Bonifatius
1313 783 1477 864 diaconus,
1504 785 1623 849 Servus
1644 783 1867 866 subdiaconus,

249 888 400 953 Rusticus
422 887 647 968 subdiaconus,
673 887 818 969 Rogatus
840 885 1031 970 monachus,
1065 887 1228 971 Septimus
1251 885 1426 952 monachus
1447 891 1481 952 et
1502 886 1662 952 Maximus
1683 887 1867 952 monachus.

217 1016 229 1052 ³
333 1009 393 1073 XI.
429 1009 510 1074 Nam
543 1007 601 1074 illo
623 1015 766 1092 tempore
789 1006 949 1072 crudelius
971 1005 1177 1072 Arrianorum
1200 1006 1359 1092 episcopi,
1392 1007 1571 1092 presbyteri
1593 1015 1625 1074 et
1646 1007 1754 1074 clerici
1774 1027 1868 1090 qnam
1897 1009 1937 1069 12

249 1132 306 1178 rex
329 1120 362 1178 et
385 1111 535 1184 Wandali
559 1111 757 1179 saeviebant.
798 1110 882 1175 Nam
905 1109 948 1175 ad
970 1110 1224 1196 persequendum
1247 1109 1310 1195 ipsi
1333 1129 1403 1176 eum
1426 1110 1492 1175 suis
1508 1110 1633 1176 clericis
1655 1111 1772 1195 ubique
1794 1112 1866 1195 gla-

250 1215 312 1280 diis
335 1215 470 1282 accincti
493 1215 678 1293 currebant;
706 1215 788 1280 sicut
811 1214 940 1298 quidam
964 1214 1153 1298 episcopus,
1178 1213 1356 1282 interillos
1378 1214 1493 1280 ceteris
1515 1214 1690 1297 crudelior,
1716 1216 1872 1281 Antonius

248 1319 390 1401 nomine,
425 1319 479 1401 qui
506 1325 572 1384 tarn
601 1318 727 1384 nefaria
747 1324 780 1383 et
810 1316 1014 1383 incredibilia
1040 1317 1075 1382 in
1096 1317 1212 1383 nostris
1243 1316 1403 1396 exercuit,
1435 1325 1470 1383 ut
1499 1317 1620 1383 narrari
1646 1337 1709 1384 non
1739 1326 1868 1402 queant.

249 1422 323 1487 Fuit
344 1422 407 1488 iste
429 1421 462 1486 iu
485 1420 623 1505 quadam
647 1421 776 1486 civitate
798 1419 945 1504 proxima
973 1420 1118 1502 heremo,
1152 1439 1234 1503 quac
1257 1420 1476 1504 Tripolitanae
1499 1421 1681 1504 provinciae
1702 1421 1868 1503 vicinatur,

202 1530 229 1570 Β·
250 1525 320 1610 qui,
354 1532 389 1592 ut
410 1525 515 1594 hestia
535 1525 746 1605 insatiabilis,
781 1523 1005 1589 catholicorum
1029 1523 1140 1589 sitiens
1163 1523 1352 1608 sanguinem
1375 1524 1436 1590 huc
1457 1524 1597 1608 illucque
1619 1524 1661 1590 ad
1683 1523 1871 1608 rapiendum

250 1629 380 1712 rugiens
403 1629 602 1696 excurrebat.
648 1629 731 1693 Nam
760 1627 878 1712 impius
900 1627 1072 1693 Huuiricus
1095 1627 1199 1693 sciens
1221 1628 1350 1696 Antonii
1374 1626 1571 1694 ferocitatem
1592 1627 1628 1693 in
1648 1627 1730 1712 ipsis
1752 1627 1872 1694 heremi
1898 1631 1938 1689 13

250 1731 394 1816 partibus
416 1733 518 1798 voluit
540 1739 682 1798 sanctum
706 1731 886 1815 Eugenium
910 1732 1067 1815 relegare.
1114 1731 1215 1809 Quem
1239 1731 1314 1796 dum
1338 1730 1579 1797 custodiendum
1602 1731 1759 1797 Antonius
1781 1751 1873 1797 acce-

229 1837 360 1920 pisset,
385 1836 433 1901 ita
454 1856 525 1901 eum
549 1835 657 1901 artiori
680 1834 825 1900 custodia
846 1835 963 1914 cinxit,
990 1841 1025 1900 ut
1046 1835 1167 1899 nullum
1191 1833 1233 1900 ad
1256 1855 1329 1901 eum
1351 1835 1483 1901 introire
1505 1835 1716 1920 permitteret,
1742 1836 1873 1920 insuper

249 1939 347 2005 variis
363 1939 550 2010 insidiarum
567 1947 661 2023 atque
678 1958 850 2023 poenarum
867 1937 1035 2022 suppliciis
1051 1938 1239 2021 extinguere
1254 1938 1419 2022 cogitaret.
1460 1937 1526 2004 Sed
1541 1937 1705 2022 Eugenius
1728 1946 1867 2019 sanctus,

203 2048 230 2087 ¹⁵
250 2041 325 2107 dum
359 2051 486 2108 nostrae
521 2041 751 2127 persecutionis
782 2039 915 2107 defleret
947 2041 1147 2107 incommoda
1182 2047 1214 2106 et
1248 2041 1422 2126 asperitate
1452 2040 1548 2107 cilicii
1576 2041 1678 2107 senile
1713 2040 1872 2107 adtereret

250 2165 373 2230 corpus,
400 2145 582 2228 nudamque
599 2165 695 2230 super
716 2145 846 2211 humum
863 2145 1009 2210 cubitans
1025 2151 1158 2211 stratum
1175 2144 1259 2210 sacci
1283 2145 1333 2210 sui
1351 2145 1471 2228 rigaret
1485 2143 1640 2210 imbribus
1655 2143 1866 2226 lacrimarum,

249 2249 421 2333 aliquando
437 2250 538 2315 sensit
558 2248 710 2315 infestum
733 2248 896 2332 paralysis
910 2249 1066 2313 morbum.
1105 2247 1175 2326 Quo
1196 2247 1307 2313 nuntio
1330 2248 1363 2313 in
1386 2246 1505 2331 gaudio
1528 2266 1701 2313 conversus
1716 2247 1869 2314 Arrianus
1896 2254 1935 2312 11

248 2353 354 2438 pergit
375 2352 511 2419 festinus
534 2353 576 2418 ad
598 2353 703 2418 cubile
726 2351 816 2417 exilii
839 2350 976 2442 hominis
999 2351 1070 2417 dei:
1096 2358 1128 2417 et
1150 2371 1221 2417 cum
1238 2351 1371 2434 videret,
1398 2357 1555 2435 urguente
1577 2351 1737 2436 passione,
1760 2370 1869 2417 verum

250 2455 431 2540 pontificem
458 2455 684 2521 balbuttieutia
713 2455 812 2520 verba
841 2456 1034 2540 producere,
1069 2455 1223 2538 cogitavit
1251 2455 1345 2520 simul
1375 2455 1562 2537 extinguere
1584 2474 1679 2538 quem
1701 2474 1870 2540 superesse

199 2564 229 2606 ²⁰
250 2559 390 2625 nolebat.
421 2559 584 2645 praecepit
599 2567 635 2625 ut
647 2565 772 2624 acetum
787 2577 937 2643 asperum
959 2558 1118 2640 nimisque
1141 2558 1329 2624 acerrimum
1352 2563 1572 2642 quaereretur:
1599 2558 1652 2622 cui
1668 2577 1739 2622 cum
1755 2557 1870 2623 suisset

249 2663 394 2744 allatum,
419 2662 613 2728 venerabilis
636 2661 723 2728 senis
745 2660 968 2726 recusantibus
991 2667 1024 2726 et
1044 2660 1228 2726 nolentibus
1244 2660 1392 2726 faucibus
1415 2659 1591 2744 ingerebat.
1632 2659 1715 2725 Nam
1731 2659 1759 2726 si
1783 2681 1869 2725 com·

249 2766 355 2831 munis
377 2765 544 2848 dominus,
570 2766 625 2850 qui
647 2765 689 2830 ad
713 2763 773 2830 hoc
795 2771 928 2831 venerat
949 2771 986 2830 ut
1006 2769 1147 2849 potaret,
1179 2784 1250 2829 cum
1274 2771 1437 2848 gustasset
1458 2763 1560 2829 noluit
1589 2763 1718 2844 bibere,
1751 2771 1868 2848 quanto

249 2869 352 2954 magis
381 2870 444 2936 iste
467 2888 579 2934 servus
601 2875 634 2934 et
656 2868 818 2934 confessor
839 2867 945 2934 fidelis
968 2867 1095 2934 omnino
1117 2868 1234 2950 nollet,
1260 2867 1322 2932 uisi
1344 2866 1506 2934 haeretica
1527 2867 1638 2934 feritas
1660 2867 1870 2951 ingessisset?

249 2974 298 3038 lix
320 2993 384 3056 quo
406 2980 508 3054 aceto,
534 2973 721 3056 praesertim
743 2971 792 3037 illi
815 2971 956 3056 passioni
978 2971 1092 3052 noxio,
1118 2972 1246 3036 morbus
1270 2971 1395 3056 accepit
1416 2978 1634 3054 augmentum.
1683 2971 1742 3037 Oui
1765 2972 1869 3056 pietas

200 3081 230 3123 ²⁵
250 3076 366 3143 Christi
389 3075 635 3142 misericorditer
657 3075 851 3142 subveniens
874 3082 986 3160 postea
1008 3093 1121 3140 sanum
1144 3074 1301 3141 exhibuit.

334 3195 409 3262 XII.
445 3196 518 3261 Alio
540 3201 647 3261 autem
670 3203 777 3262 nostro
799 3196 948 3281 episcopo
970 3195 1172 3262 Habetdeum
1196 3196 1343 3261 similiter
1365 3197 1507 3277 relegato
1529 3193 1801 3262 Tamallumensis
1824 3197 1867 3262 ci·
1895 3203 1934 3262 la

249 3300 368 3381 vitatis,
394 3300 428 3364 in
450 3319 515 3383 qua
537 3298 693 3364 Antonius
716 3299 831 3382 iuerat,
857 3307 1010 3383 quantum
1032 3299 1171 3383 potuerit
1192 3298 1335 3364 infestari
1365 3317 1417 3364 res
1440 3297 1511 3382 ipsa
1532 3298 1737 3364 demonstrat.
1758 3359 1765 3378 ,
1783 3300 1867 3365 Nam

249 3424 322 3469 cum
351 3403 486 3469 diversis
515 3423 587 3469 eum
617 3403 894 3488 persecutionibus
925 3401 1093 3486 adfligeret
1120 3422 1180 3469 nec
1201 3409 1312 3487 posset
1334 3403 1441 3468 lacere
1464 3389 1650 3484 Arrianum,
1683 3401 1868 3486 videretque

248 3506 365 3573 Christi
386 3506 519 3573 militem
543 3525 669 3592 semper
689 3505 723 3572 in
746 3506 946 3572 confessione
969 3513 1166 3572 constantem
1182 3505 1432 3590 -promiserat
1454 3501 1537 3572 enim
1561 3506 1629 3571 suis
1652 3505 1778 3572 dicens:
1806 3507 1867 3572 nisi

199 3619 229 3658 ³⁰
249 3631 320 3676 oum
344 3617 471 3677 nostrae
486 3609 591 3676 secero
613 3609 789 3694 religionis,
815 3631 878 3676 non
901 3610 943 3676 sit
957 3609 1129 3676 Antonius:
1150 3648 1192 3658 —
1207 3617 1242 3676 at
1256 3609 1310 3676 ubi
1326 3610 1359 3674 in
1383 3629 1443 3675 sua
1464 3608 1674 3694 promissione
1696 3609 1798 3675 minor
1819 3609 1868 3676 in-

248 3720 362 3779 ventus
385 3719 443 3796 est,
469 3719 664 3798 suggerente
687 3712 748 3778 sibi
764 3713 891 3779 diabolo
914 3713 1033 3796 cogitat
1054 3713 1153 3778 aliud.
1201 3712 1342 3778 Pedibus
1365 3711 1577 3796 manibusque
1599 3711 1709 3797 ligatis
1731 3713 1867 3780 vinerdis
1893 3720 1934 3780 46

247 3815 431 3900 ingentibus
458 3822 542 3882 artat
563 3815 768 3901 episcopum,
801 3837 918 3900 oreque
941 3815 1104 3899 obturato,
1132 3836 1173 3882 ne
1196 3815 1309 3900 lingua
1331 3816 1501 3898 clamaret,
1528 3836 1645 3899 aquam
1667 3816 1806 3901 corpori,
1833 3825 1869 3883 ut

247 3920 397 4003 putabat,
429 3918 689 4004 rebaptizationis
719 3919 857 4003 spargit:
893 3919 986 4002 quasi
1014 3919 1137 3985 valeret
1159 3918 1385 3985 conscientiam
1412 3917 1514 4002 ligare
1537 3939 1609 3984 oum
1633 3939 1780 4003 corpore,
1812 3926 1868 3983 aut

246 4042 308 4087 non
338 4021 452 4088 aderat
480 4021 536 4104 qui
565 4022 657 4088 audit
685 4022 824 4106 gemitus
854 4020 1102 4107 compeditorum
1125 4028 1158 4088 et
1179 4021 1283 4088 cordis
1306 4029 1430 4088 secretu
1452 4021 1601 4102 rimatur,
1638 4022 1690 4088 vel
1714 4041 1866 4106 superare

315 4317 571 4368 immarcessibilem
587 4333 605 4379 p
622 4323 645 4366 et
662 4320 737 4379 υυιρο
850 4317 999 4368 3133ιε1,
1101 4317 1240 4367 bonifacius
1258 4317 1320 4380 asp
1337 4323 1361 4366 et
1377 4319 1452 4380 culpo
1556 4317 1650 4367 Seruus
1668 4319 1741 4370 subd.
1762 4320 1797 4368 Β.·
1816 4335 1864 4368 om,

247 4403 341 4465 osup,
359 4403 395 4464 ef.
415 4403 484 4464 insen
503 4403 571 4453 Puer.
591 4408 608 4464 ,ς
626 4406 640 4452 7
762 4404 778 4454 1
797 4404 949 4468 septiminus
966 4404 996 4464 Β,
1023 4405 1092 4466 Sept.
1113 4404 1247 4453 monachus
1263 4416 1313 4452 om.
1333 4403 1372 4466 Rp
1493 4405 1683 4468 ipresbitericl
1699 4406 1723 4452 B
1841 4413 1868 4454 ot

246 4503 331 4552 amp
433 4489 525 4552 drage
543 4489 611 4550 ott,
632 4491 742 4550 regest
844 4490 981 4540 uuandaloa
999 4489 1056 4538 Bl'¹
1159 4485 1221 4556 ipsi]
1238 4490 1382 4552 epieeupip
1485 4490 1546 4540 Sin
1564 4497 1660 4540 nostrus
1679 4491 1701 4538 L
1717 4496 1741 4539 et
1758 4493 1832 4552 wipo

246 4576 262 4624 9
280 4577 365 4624 uicina
382 4581 450 4639 eetp
555 4575 584 4625 ll
604 4577 704 4638 ruglsm
717 4575 772 4638 Bp:
790 4578 890 4639 lugiens
904 4575 972 4624 BLV
1073 4576 1204 4624 huuiricus
1221 4575 1256 4624 V:
1274 4577 1388 4626 unirleus
1399 4577 1431 4637 B,
1451 4575 1583 4625 honoricus
1595 4576 1626 4638 Β,
1647 4577 1782 4626 hunericus
1795 4578 1832 4640 hp

246 4663 331 4710 antoni
349 4661 396 4710 BV
534 4661 564 4711 12
590 4663 699 4724 relegare
716 4666 780 4713 mei:
803 4663 908 4724 relegari
926 4663 964 4712 ed.
984 4661 1062 4712 sun.
1201 4658 1273 4728 dum]
1297 4675 1353 4712 eum
1377 4660 1416 4710 ed.
1436 4660 1513 4711 Buta.
1656 4662 1688 4711 13
1710 4665 1796 4712 acrlorl
1814 4679 1832 4726 p

248 4746 278 4795 11
297 4749 446 4810 extinguere
464 4749 583 4809 cogitaret
599 4748 701 4812 Bovp:
719 4755 772 4798 ext.
793 4750 911 4809 ooglmlt
929 4749 959 4810 Β,
978 4748 1101 4812 cogltrmm
1117 4761 1174 4796 eum
1193 4748 1356 4808 exstinguere
1373 4747 1411 4796 ed.
1432 4747 1509 4796 Beata
1630 4747 1659 4796 15
1677 4750 1757 4798 sentia
1776 4750 1832 4797 BV¹

133 4884 139 4901 Ι
183 4835 187 4844 ’
249 4833 280 4884 lb
298 4837 375 4884 saccis
392 4835 512 4895 inrigaret
529 4834 560 4896 Β,
586 4837 662 4884 meris
679 4836 826 4896 irrigaretp
950 4832 979 4882 11
998 4833 1111 4894 paralisis
1128 4831 1175 4894 Lp,
1196 4833 1311 4896 parllyeia
1330 4834 1377 4881 ΒΥ
1494 4835 1830 4896 quassationem.

246 4921 335 4981 gaudio
352 4920 440 4969 BBV:
458 4921 576 4981 guudinm
591 4937 618 4982 p,
638 4921 728 4982 gaudie
746 4921 767 4970 L
785 4925 808 4970 et
825 4921 899 4981 culpo
1005 4917 1035 4968 18
1054 4918 1136 4970 cubili
1154 4918 1211 4966 BV¹
1229 4919 1294 4968 hurd
1311 4922 1360 4968 aeto
1378 4934 1413 4968 ca
1428 4925 1499 4983 recu,
1520 4921 1554 4982 ef.
1568 4919 1678 4970 Baesucci
1695 4923 1713 4970 t.
1726 4925 1765 4971 eit.
1782 4925 1832 4970 ‘266

245 5007 317 5055 exilii
333 5005 379 5054 ΒΒ
387 5007 471 5069 Vltlp:
490 5007 580 5056 eximii
598 5006 622 5055 Β
638 5013 661 5056 et
677 5009 752 5068 culpo
873 5012 973 5056 arcente
990 5007 1107 5069 passione
1122 5019 1142 5068 p
1264 5005 1295 5056 13
1313 5007 1480 5056 balbutientia
1497 5005 1536 5069 lap
1553 5012 1576 5055 et
1592 5007 1668 5068 uulgo
1787 5007 1820 5058 23
1839 5019 1867 5058 ut

245 5109 329 5154 om.p
432 5094 473 5141 cui
491 5093 529 5142 Β.·
547 5094 591 5154 qui
608 5094 664 5156 BV,
684 5089 754 5156 qucd'
765 5093 805 5156 Bp
819 5094 925 5154 awtpo
1028 5091 1056 5141 tt
1079 5094 1233 5142 uenerahliia
1250 5093 1318 5142 senia
1336 5093 1391 5156 Lp:
1410 5094 1549 5142 uenmablll
1567 5094 1636 5142 senis
1653 5093 1709 5154 BV,
1729 5090 1866 5143 uerrerehlli

245 5180 300 5228 aeui
318 5178 341 5226 Β
462 5175 496 5246 sl]
513 5180 580 5229 sicut
598 5179 621 5226 Β
757 5178 790 5229 ld
808 5180 851 5228 ille
868 5179 992 5242 passionis
1010 5180 1100 5228 noxias
1117 5179 1139 5226 L
1259 5179 1350 5242 accipit
1368 5177 1391 5226 Β
1521 5177 1554 5228 25
1573 5175 1673 5246 uuum]
1690 5179 1797 5228 salutem
1813 5195 1833 5243 p

245 5266 343 5314 exibuit
360 5265 383 5314 Β
488 5263 520 5314 26
539 5266 587 5315 elio
604 5271 689 5315 autem
708 5271 791 5316 nostro
808 5267 942 5328 episcopo.
959 5265 1089 5324 ‚relegato
1109 5265 1218 5327 (religato
1236 5265 1265 5325 lit
1286 5264 1413 5327 BLRVp:
1432 5265 1519 5314 Alium
1537 5269 1621 5314 autem
1638 5271 1750 5314 noenum
1769 5265 1865 5329 episcc-

246 5365 306 5414 pum
326 5387 356 5402 ..
375 5351 569 5412 relegatorum.
590 5351 666 5402 Buta.
800 5352 999 5402 tamallumensts
1017 5352 1217 5414 (tamallumensis
1233 5351 1259 5414 p)
1280 5352 1392 5402 multatis
1409 5355 1473 5400 snei:
1492 5350 1687 5400 Tamallumsnai
1704 5352 1808 5402 ciuitate
1824 5353 1864 5402 ed.

246 5437 323 5487 Rutu.
429 5436 461 5486 tt
480 5439 589 5500 potuerit
606 5437 645 5486 R.-
663 5443 781 5500 potuerat
797 5437 875 5499 BLV,
895 5439 977 5500 potuit
992 5453 1010 5501 p
1028 5443 1051 5487 et
1068 5439 1142 5500 uulgo
1244 5437 1527 5500 intermeantium,
1550 5437 1586 5498 es.
1605 5437 1664 5487 irad.
1684 5438 1699 5484 1
1705 5439 1724 5485 V
1739 5453 1760 5489 a.
1779 5453 1803 5489 v.
1824 5441 1865 5488 ln-

245 5525 332 5574 ieatarl
453 5522 486 5572 28
503 5537 561 5572 enm
579 5537 628 5574 om.
648 5523 670 5572 L
790 5537 863 5586 posse
880 5524 904 5570 Β
1024 5537 1082 5572 eum
1099 5525 1180 5573 iacere
1200 5523 1222 5570 Β
1239 5529 1262 5572 et
1278 5525 1351 5586 culpo
1471 5523 1504 5573 23
1521 5525 1589 5572 sirim
1606 5522 1708 5586 BRVp:
1735 5539 1784 5573 om.
1804 5525 1825 5573 L
1843 5536 1866 5578 et

244 5611 319 5670 culpo
440 5609 473 5658 311
490 5605 535 5675 alt]
558 5623 648 5671 sump
769 5609 799 5658 31
820 5609 924 5670 cogltB
1045 5608 1078 5659 ³2
1096 5609 1249 5672 opturatclt
1367 5610 1470 5672 aquali
1591 5609 1623 5658 33
1640 5610 1794 5660 conscientia
1810 5612 1833 5658 Β

246 5694 278 5744 31
297 5709 346 5743 non
367 5695 451 5744 aderat
468 5697 533 5743 mer':
552 5709 600 5744 uon
619 5695 715 5743 masat
733 5694 868 5758 bertelius,
888 5709 937 5745 uon
956 5695 992 5743 lbl
1009 5695 1254 5745 commiscitato.

1619 5799 1657 5847 μ
