4462 6436
1229 435 1377 490 CORlPPl

877 628 910 691 in
933 626 1032 692 facies
1055 626 1200 692 cecidere
1223 645 1309 692 suas.
1360 626 1549 708 ‘miserere,
1575 625 1729 710 perimus'

876 729 1018 796 insonuit
1039 751 1101 796 vox
1123 749 1242 812 magna
1263 728 1331 795 diu.
1382 730 1473 814 ‘lege
1496 747 1588 794 secra
1610 728 1751 814 parentis

877 832 1078 918 syngrapha,
1105 833 1146 899 de
1169 833 1268 898 tantis
1290 833 1445 900 rationem
1467 833 1586 917 collige
1608 833 1740 900 chartis.

875 937 940 1002 iam
962 936 1065 1003 servis
1088 956 1236 1003 succurre
1258 937 1334 1003 tuis.
1380 956 1439 1003 nos
1460 943 1569 1003 nostm
1590 936 1711 1002 iubenti

877 1039 1070 1107 credidimus
1092 1039 1240 1106 dominis.
1287 1040 1378 1106 vobis
1399 1040 1471 1124 quis
1493 1047 1600 1106 uestra
1621 1046 1771 1124 negaret,

876 1165 948 1210 cum
971 1151 1111 1211 vestrum
1134 1151 1201 1227 est,
1226 1144 1311 1228 quod
1332 1144 1470 1210 mundus
1492 1143 1610 1210 habeti
1638 1143 1720 1226 scie,
1745 1161 1869 1209 summe
1892 1148 2085 1226 regentum,

876 1247 1006 1334 publice
1026 1247 1104 1330 quid
1126 1255 1232 1314 vestro
1254 1246 1376 1333 prosint
1398 1247 1588 1314 commercia
1610 1246 1697 1313 lisco.

876 1352 962 1418 unde
984 1350 1103 1418 tributa
1123 1351 1188 1418 tuis
1210 1350 1383 1418 suecedent
1403 1371 1511 1417 annue
1532 1351 1646 1434 rebus,

876 1454 1004 1522 deficiet
1025 1455 1053 1520 si
1074 1461 1183 1521 nostra
1204 1460 1339 1521 manuel
1381 1454 1440 1521 tibi
1462 1453 1580 1520 militat
1601 1475 1711 1536 omne,

876 1558 961 1642 quod
983 1557 1135 1642 gerimus.
1181 1577 1258 1640 nos,
1284 1578 1367 1642 quae
1389 1565 1445 1624 tua
1467 1565 1557 1641 sunt,
1582 1559 1709 1644 privata
1729 1579 1892 1625 vocamus.

875 1661 930 1727 vix
952 1661 1045 1727 nobis
1067 1661 1153 1728 vitae
1175 1668 1322 1728 constant
1342 1661 1495 1732 alimenta
1516 1661 1652 1728 diurnae

876 1763 1031 1846 adflictis,
1058 1785 1140 1850 quae
1163 1765 1260 1850 longa
1283 1764 1354 1830 dies
1377 1766 1535 1849 longoque
1558 1765 1668 1832 labore

876 1888 944 1935 sors
966 1868 1108 1952 quaerit,
1134 1887 1314 1954 parvosque
1337 1867 1424 1935 cibos
1447 1869 1506 1934 sub
1528 1875 1620 1934 noete
1642 1869 1791 1954 reponit'.

874 1971 951 2039 dere
974 1973 1030 2039 diu
1051 1979 1159 2038 tantos
1181 1972 1322 2038 lacrimis
1343 1992 1407 2037 non
1429 1991 1545 2057 passus
1567 1971 1694 2038 acerbis

876 2076 1037 2142 condoluit
1057 2076 1233 2159 miserans,
1259 2082 1348 2142 etse
1370 2075 1490 2161 pietate
1513 2076 1641 2161 subegit

875 2179 1001 2264 legibus
1023 2180 1106 2246 ultro
1128 2179 1206 2244 suis.
1258 2179 1381 2244 ‘aliena
1403 2179 1553 2264 pecunia'
1578 2179 1661 2245 dixit

879 2282 1063 2350 ‘reddenda
1084 2289 1150 2365 est,
1176 2283 1269 2348 vivus
1291 2282 1374 2368 petri
1395 2282 1450 2366 qui
1474 2282 1616 2349 substitit
1636 2283 1757 2350 beres'.

876 2387 1043 2453 thesauros
1065 2386 1139 2453 fidis
1160 2385 1302 2471 privatus
1325 2386 1408 2452 ferre
1431 2385 1584 2452 ministris

875 2490 1023 2576 imperat.
1068 2490 1255 2556 innumerae
1277 2509 1351 2555 mox
1372 2489 1532 2556 advenere
1555 2496 1704 2556 catervae

877 2593 972 2660 fortia
993 2593 1136 2660 centenis
1158 2599 1309 2660 oneratae
1330 2592 1464 2658 brachia
1485 2592 1587 2658 libris.

876 2696 1053 2783 deposuere
1074 2696 1204 2763 umeris.
1251 2704 1375 2763 turmae
1396 2695 1614 2781 glomerantur
1635 2697 1669 2763 in
1691 2716 1807 2780 uuum,

876 2807 909 2868 et
930 2807 1016 2867 totus
1038 2800 1110 2866 fuso
1132 2799 1236 2866 circus
1259 2799 1459 2885 resplenduit
1479 2820 1567 2866 auro.

875 2910 950 2970 tuno
972 2903 1076 2989 positu
1097 2903 1219 2969 ratione
1242 2903 1367 2988 palam,
1394 2904 1574 2988 populoque
1596 2902 1741 2987 vidente,

875 3005 985 3072 debita
1006 3005 1160 3091 persolvit
1180 3005 1353 3090 genitoris,
1378 3012 1473 3073 cauta
1493 3007 1623 3092 recepit

876 3108 997 3195 gaudie
1017 3116 1138 3194 quauta
1158 3109 1242 3193 illic,
1267 3115 1404 3194 quantus
1427 3109 1530 3175 lavorl
1580 3109 1720 3194 undique
1743 3111 1846 3177 laetus

875 3212 997 3280 tollitur
1018 3213 1052 3279 in
1074 3213 1200 3279 caelum
1221 3213 1411 3298 populorum
1433 3214 1553 3279 clamor
1574 3220 1736 3281 ovantum.

876 3315 1031 3382 mirantur
1052 3335 1218 3401 proceres,
1244 3316 1399 3383 mirantur
1419 3316 1499 3382 talia
1520 3316 1644 3402 plebes.

877 3419 950 3486 binc
971 3419 1059 3486 rutili
1080 3420 1189 3486 lucent
1210 3419 1329 3486 charde
1351 3419 1537 3487 ardentibus
1558 3420 1670 3505 ignes,

876 3523 950 3590 binc
970 3521 1076 3588 radiat
1097 3521 1221 3588 fulvum
1243 3528 1428 3590 concertans
1449 3523 1581 3608 ignibus
1601 3544 1725 3590 aurum.

876 3626 951 3692 binc
973 3625 1100 3692 chartas
1122 3624 1261 3691 dammis
1283 3625 1450 3709 subigunt,
1477 3626 1551 3692 hinc
1573 3627 1714 3712 pondere
1736 3627 1824 3696 lusos

876 3736 1057 3812 exaequent
1079 3728 1218 3810 solidos,
1244 3737 1277 3796 et
1297 3730 1422 3796 lancem
1444 3730 1560 3815 pollice
1581 3732 1723 3816 pulsant.

876 3839 951 3899 tuno
973 3833 1097 3899 sinibus
1120 3832 1225 3918 plenis
1247 3834 1383 3915 abeunt,
1410 3840 1608 3917 quaestuque
1630 3835 1790 3918 laborant,

876 3936 1033 4019 elatisque
1055 3935 1158 4002 oculis
1180 3956 1236 4021 pro
1259 3936 1326 4004 vita
1347 3936 1501 4022 principis
1522 3944 1623 4004 crant.

876 4039 995 4123 largior
1015 4039 1165 4106 inventus
1187 4047 1277 4124 putre
1300 4047 1366 4124 est,
1391 4040 1579 4106 clementior
1599 4039 1703 4122 idem,

875 4143 930 4228 qui
952 4142 1067 4210 virtute
1090 4143 1188 4209 animi
1210 4149 1348 4209 mentem
1372 4143 1509 4209 calcavit
1529 4143 1688 4226 habendi,

875 4246 1005 4332 publica
1026 4246 1151 4331 privato
1172 4267 1244 4312 cum
1268 4246 1375 4313 debita
1397 4246 1547 4312 redderet
1566 4267 1644 4313 euro

875 4356 988 4435 sponte
1011 4369 1086 4432 sua,
1112 4348 1261 4416 dominus
1284 4350 1385 4416 servis
1408 4349 1578 4416 miseratus
1600 4351 1725 4434 egenis.

874 4454 1048 4538 priscorum
1071 4455 1132 4520 boc
1154 4474 1216 4520 unc
1238 4453 1316 4520 vicit
1336 4473 1437 4520 novus
1459 4454 1565 4520 omniu
1587 4454 1671 4520 facto

787 4571 788 4574 ’
875 4557 962 4623 lacta
983 4557 1056 4640 pius
1078 4557 1235 4642 princeps.
1284 4558 1430 4641 quamvis
1453 4558 1587 4623 meliora
1608 4566 1796 4642 sequantur,

874 4661 936 4726 hoc
956 4660 1093 4745 primum
1114 4667 1222 4726 tamen
1244 4681 1337 4726 omen
1360 4668 1443 4742 eret,
1471 4660 1555 4744 quod
1577 4662 1686 4727 nullus
1708 4683 1839 4728 avorum

874 4765 1037 4848 Augustus
1058 4784 1208 4847 umquam
1231 4763 1345 4830 cecinit
1365 4763 1480 4830 fecisse
1502 4763 1635 4849 priores.

556 5093 607 5144 370
624 5075 751 5144 domiuum
770 5097 784 5142 1
803 5110 849 5156 m.,
869 5095 978 5142 domluis
996 5095 1012 5140 2
1028 5109 1062 5143 m.
1084 5091 1119 5155 Μ,
1139 5093 1236 5141 domiue
1254 5092 1318 5141 Ruit
1421 5091 1466 5142 371
1489 5093 1564 5142 bsbet
1581 5093 1641 5142 cdd.
1660 5097 1677 5143 3
1694 5109 1726 5143 su.
1750 5093 1777 5142 Μ
1879 5094 2017 5160 estquod
2036 5106 2049 5150 i
2067 5119 2112 5162 m.,

485 5181 546 5244 quld
566 5183 632 5230 im.
655 5179 684 5228 Μ
819 5179 1008 5228 commeruisti
1145 5177 1195 5227 373
1216 5181 1384 5229 succedunt]
1404 5196 1455 5242 m.,
1484 5180 1618 5230 succedent
1636 5183 1652 5228 9
1669 5197 1703 5231 m.
1725 5179 1754 5228 Μ
1889 5181 1940 5231 377
1964 5187 2071 5236 stilletis
2089 5187 2116 5235 Μ

486 5266 535 5315 378
554 5267 715 5326 eleusim..
735 5266 802 5316 cibos
819 5268 881 5314 im.
897 5265 926 5313 Μ
1027 5264 1077 5314 379
1096 5267 1176 5314 teritos
1201 5266 1281 5316 Vouclt
1293 5268 1360 5316 Loci.
1376 5268 1434 5328 101,
1455 5269 1532 5317 tsnds
1548 5267 1575 5314 Μ
1676 5281 1781 5317 mutuus
1800 5273 1870 5327 im..
1890 5271 1990 5319 acerbis
2010 5275 2071 5322 im.
2089 5274 2115 5321 Μ

485 5353 534 5402 esi
554 5353 702 5415 paterculi
716 5367 763 5412 m.,
777 5355 841 5415 putri
854 5353 898 5414 qul
911 5355 927 5400 2
938 5368 971 5400 m.
988 5351 1016 5399 Μ
1105 5351 1155 5401 385
1173 5353 1284 5403 honerati
1297 5353 1332 5415 Μ,
1347 5355 1388 5402 sed
1400 5355 1480 5402 littero
1492 5355 1510 5403 lr
1521 5367 1590 5402 eraso
1682 5353 1731 5405 386
1749 5361 1844 5403 turmae
1857 5354 1893 5415 Μ,
1908 5370 2024 5407 summae
2038 5360 2112 5420 Pupp.

485 5439 535 5488 388
554 5439 608 5501 pals
627 5442 640 5486 1
659 5453 703 5497 m.,
726 5440 805 5501 palam
825 5441 890 5487 am.
913 5437 942 5486 Μ
1052 5437 1101 5488 389
1119 5439 1218 5488 deuicta
1237 5438 1273 5502 Μ,
1292 5442 1406 5490 litterae
1424 5457 1494 5490 msc
1606 5441 1656 5491 390
1674 5443 1742 5490 isbor
1760 5441 1789 5490 Μ
1891 5440 1942 5491 :tsi
1961 5443 2015 5492 slis
2034 5450 2046 5493 1
2066 5461 2111 5504 m.,

483 5526 543 5574 talis
562 5527 578 5574 2
595 5540 629 5575 m.
651 5525 680 5574 Μ
817 5523 866 5575 399
883 5531 954 5588 putre
974 5525 1016 5587 Μ,
1043 5525 1084 5574 ssd
1101 5527 1197 5576 litterae
1212 5531 1347 5588 postremae
1365 5530 1400 5576 itu
1417 5542 1501 5576 cresce
1518 5533 1591 5588 suot,
1620 5533 1648 5577 ut
1667 5530 1850 5592 perluamus,
1879 5533 1953 5590 pstsr
1971 5531 2033 5591 lectt
2051 5531 2114 5580 sce

484 5611 529 5661 toi
552 5612 650 5675 priuato
668 5627 724 5660 cum
742 5613 826 5661 debita
845 5610 969 5688 Meurslsss
990 5612 1070 5674 Opere
1096 5613 1129 5660 VI
1143 5629 1171 5675 p.
1193 5615 1252 5678 162,
1280 5615 1338 5664 ortt.
1360 5615 1452 5663 Amet.
1474 5615 1513 5662 iv
1530 5617 1573 5677 13,
1599 5617 1697 5679 priuato
1714 5616 1800 5664 deults
1817 5619 1829 5663 1
1849 5631 1901 5676 m.,
1928 5616 2032 5678 priuato
2049 5619 2113 5680 quud

483 5697 570 5746 desita
594 5699 660 5748 im.
682 5696 722 5759 Μ,
752 5699 851 5759 priuato
873 5698 932 5748 dum
957 5699 1042 5747 debita
1059 5698 1122 5750 Bitt.
1262 5699 1313 5750 402
1338 5703 1420 5750 seruis
1443 5729 1477 5738 -
1500 5703 1588 5764 egenis
1606 5706 1619 5750 1
1639 5717 1691 5764 m.,
1720 5715 1805 5752 seruos
1822 5727 1856 5736 -
1879 5713 1973 5766 egenos
1999 5704 2067 5756 Pus.
2089 5701 2116 5751 Μ

482 5783 713 5847 suspensiones,
734 5785 803 5848 prius
822 5785 849 5832 Μ
952 5784 1003 5836 406
1021 5792 1143 5847 augustus
1163 5785 1191 5833 Μ
