4508 6434
1188 406 1338 464 CORIPPI

840 597 1034 664 Taenarium
1057 596 1169 664 dixere
1190 597 1316 682 Iovem,
1343 595 1394 662 oui
1416 595 1573 680 sanguine
1595 596 1695 662 multo

839 701 971 767 humani
994 701 1123 786 generis
1144 699 1451 778 mactaturuictima
1472 698 1566 784 pesti.

840 825 896 891 pro
920 806 1025 871 scelus
1047 804 1241 870 infaustum!
1267 803 1406 888 gemitus
1428 801 1639 886 miserabilis,
1664 821 1760 867 auras

840 908 981 992 undique
1004 908 1205 991 concutiens,
1231 908 1422 974 clamoribus
1445 907 1579 973 aethera
1599 905 1717 992 pulsat.

839 1011 992 1097 imprimit
1012 1012 1065 1078 hio
1087 1011 1205 1078 ferrum
1227 1010 1365 1096 iugulis,
1391 1011 1576 1077 atrocibus
1597 1009 1704 1095 ipsum

840 1134 959 1180 numen
981 1114 1065 1198 agit,
1092 1114 1269 1198 dubiasque
1292 1133 1410 1181 vocans
1432 1113 1520 1179 exire
1541 1133 1599 1198 per
1620 1113 1750 1178 umbras

841 1216 917 1283 solis
939 1216 1002 1283 iter
1022 1223 1180 1302 temptare
1201 1217 1299 1284 iubet.
1347 1223 1423 1283 tuno
1444 1237 1532 1282 more
1553 1214 1686 1302 profano

733 1368 738 1382 .
842 1319 997 1406 diripiunt
1016 1321 1176 1407 pecudum
1198 1322 1295 1388 fibras
1317 1327 1350 1386 ct
1370 1321 1438 1386 fata
1459 1320 1634 1404 requirunt.

841 1431 1003 1510 presserat
1023 1424 1086 1490 ista
1108 1425 1206 1508 deus,
1233 1425 1426 1508 surdumque
1448 1424 1492 1490 ad
1513 1423 1656 1489 carmina
1676 1443 1793 1489 numen

841 1548 934 1594 omne
956 1528 1033 1595 fuit:
1060 1529 1142 1594 nulli
1164 1528 1273 1595 retulit
1294 1547 1448 1614 responsa
1470 1527 1630 1594 sacerdos.

925 1632 1074 1698 Phoebus
1095 1632 1137 1697 ab
1158 1631 1277 1698 interni
1298 1631 1508 1717 resplendens
1529 1617 1674 1714 margine
1696 1630 1778 1696 caeli

841 1735 962 1801 Oceani
983 1735 1152 1821 rumpebat
1172 1754 1291 1819 aquas,
1316 1735 1491 1818 meliorque
1513 1751 1685 1817 resurgens

842 1838 960 1904 lumine
982 1839 1144 1922 fulgentes
1169 1839 1276 1905 radios
1297 1839 1450 1906 tendebat
1471 1838 1505 1904 in
1527 1838 1637 1903 orbem

841 1942 929 2008 felici
951 1950 1103 2009 nascente
1125 1941 1190 2008 die.
1236 1942 1365 2025 iamque
1388 1941 1499 2009 ordine
1521 1948 1608 2008 certo

842 2045 1050 2112 Christicolae
1073 2046 1205 2112 veniunt
1226 2045 1354 2131 populi,
1381 2047 1524 2112 Romana
1545 2045 1695 2112 iuventus

841 2149 1103 2232 magnanimique
1126 2149 1225 2215 duces
1247 2148 1349 2234 signis
1372 2150 1596 2216 comitantibus
1618 2169 1694 2215 una.

842 2251 908 2318 dux
930 2252 985 2318 ubi
1007 2252 1159 2318 distensis
1181 2252 1294 2318 habuit
1314 2252 1451 2318 tentoria
1471 2252 1570 2332 velis,

841 2356 931 2421 visus
953 2375 1024 2421 cum
1046 2355 1157 2441 primis
1179 2353 1287 2421 media
1308 2355 1391 2421 inter
1412 2361 1518 2420 castra
1538 2353 1709 2420 Iohannes.

842 2459 895 2524 hic
916 2478 1068 2542 magnum
1091 2458 1203 2523 statuit
1225 2459 1337 2523 velans
1359 2458 1462 2523 altare
1484 2456 1652 2534 sacerdos,

842 2569 875 2628 et
896 2562 990 2628 solito
1013 2560 1114 2628 sacris
1135 2561 1345 2628 circumdedit
1366 2560 1506 2644 undique
1528 2561 1634 2646 peplis

842 2685 929 2730 more
949 2671 1087 2751 patrum.
1133 2664 1365 2747 instituuntque
1389 2664 1499 2729 choros
1522 2670 1554 2729 et
1575 2662 1682 2730 dulcia
1704 2664 1845 2749 psallunt

843 2768 984 2834 carmina
1006 2767 1162 2835 deflentes
1183 2767 1298 2833 humili
1319 2787 1391 2834 cum
1413 2787 1490 2833 voce
1512 2755 1659 2833 ministri.

841 2879 892 2938 ast
914 2871 969 2939 ubi
991 2872 1108 2939 sacrati
1129 2872 1236 2956 tetigit
1257 2871 1323 2937 dux
1345 2871 1457 2936 limina
1476 2871 1589 2956 templi

841 2975 1044 3060 ingrediens,
1070 2976 1208 3059 gemitus
1229 2975 1341 3061 populi
1363 2995 1477 3059 rupere
1500 2974 1656 3041 dolentes.

842 3080 963 3145 lumina
985 3078 1182 3144 confundunt
1203 3078 1353 3144 lacrimis.
1399 3099 1462 3144 vox
1483 3078 1624 3162 undique
1646 3079 1754 3144 caelos

841 3184 966 3269 pulsat,
993 3190 1025 3249 et
1046 3182 1181 3250 infensis
1203 3189 1250 3248 tot
1272 3182 1400 3248 conscia
1421 3189 1551 3267 pectora
1572 3182 1690 3267 pugnis

841 3286 1032 3373 percutiunt.
1083 3286 1219 3352 ‘delicta
1241 3293 1366 3372 patrum
1389 3285 1531 3369 dimitte,
1557 3303 1723 3369 rogamus,

841 3396 1031 3472 nostraque,
1058 3389 1198 3456 Christe’
1222 3395 1356 3472 gemunt
1376 3395 1408 3454 et
1428 3388 1528 3454 tensis
1550 3387 1682 3454 aethera
1702 3387 1818 3472 palmis

842 3492 1036 3578 suspiciunt,
1063 3492 1245 3576 dominique
1268 3491 1330 3557 sibi
1353 3491 1475 3557 solacia
1495 3497 1639 3576 poscam.

841 3597 910 3681 ipse
931 3595 1014 3661 inter
1036 3596 1171 3680 primos,
1198 3596 1397 3678 genibusque
1419 3602 1452 3661 et
1473 3615 1604 3680 corpore
1625 3593 1726 3676 flexo,

841 3717 898 3785 pro
920 3698 1038 3785 populo
1059 3717 1196 3764 exorans
1218 3705 1323 3764 motus
1344 3698 1463 3784 pietate
1485 3697 1644 3763 lohannes

843 3823 883 3870 ex
905 3802 1005 3868 oculis
1027 3801 1176 3867 lacrimas
1198 3800 1353 3867 fundebat
1373 3799 1512 3866 fluminis
1533 3801 1651 3882 instar,

843 3906 1087 3992 percutiensque
1109 3923 1201 3970 suurn
1224 3904 1385 3989 geminato
1407 3904 1541 3971 verbere
1563 3911 1674 3990 pectus

842 4010 922 4076 talia
943 4029 1020 4075 voce
1043 4015 1145 4093 rogat.
1196 4008 1324 4074 ‘muudi
1346 4015 1449 4093 sator,
1474 4007 1571 4074 unica
1592 4003 1698 4074 rerum

842 4114 908 4180 vita
931 4114 1101 4197 salusque,
1127 4113 1224 4196 deus,
1250 4120 1373 4196 terrae,
1399 4112 1514 4192 maris,
1539 4112 1680 4178 aetheris
1702 4119 1814 4178 auctor

842 4217 1060 4302 omnipotens,
1085 4217 1210 4282 caelum
1233 4224 1264 4283 ct
1286 4222 1402 4283 terram
1426 4215 1595 4283 vidulibus
1617 4216 1755 4301 implens

841 4320 1103 4404 undivagumquo
1125 4320 1229 4385 salum
1253 4321 1304 4386 vel
1327 4320 1483 4404 quidquid
1504 4319 1642 4404 cingitur
1663 4321 1757 4402 orbo,

842 4432 981 4508 atroque
1004 4431 1036 4490 et
1057 4431 1193 4490 taetrum
1215 4425 1326 4510 populi
1347 4425 1500 4510 pallentis
1521 4425 1701 4503 Aramum,

842 4527 1010 4613 imperium
1032 4533 1067 4592 tu
1090 4528 1178 4592 solus
1199 4527 1317 4604 habes;
1343 4527 1402 4592 tibi
1424 4547 1550 4593 summa
1571 4531 1713 4612 potestas
1783 4587 1790 4598 ,

843 4637 876 4695 et
896 4631 967 4695 laus
990 4636 1022 4695 et
1042 4650 1177 4712 regnum
1200 4650 1400 4714 magnaeque
1423 4629 1566 4715 potentia
1587 4629 1730 4696 dextrae.

842 4732 966 4818 respice
988 4733 1053 4798 iam
1075 4732 1204 4798 tandmn
1226 4734 1403 4815 Romanos,
1430 4732 1570 4818 respice,
1596 4751 1736 4814 summe,

841 4843 937 4921 atque
960 4836 1032 4922 pius
1054 4855 1220 4920 succurre,
1246 4842 1353 4922 pater,
1378 4843 1555 4920 gentesque
1579 4836 1734 4921 superbas

772 5017 774 5024 Ι
842 4939 973 5024 frange,
1000 4959 1128 5025 precor,
1153 4940 1270 5006 virtute
1292 4945 1358 5005 tua.
1405 4939 1630 5022 dominumque
1653 4946 1814 5025 potentem

840 5049 873 5110 te
896 5045 1000 5109 solum
1021 5050 1198 5126 agnoscant
1218 5043 1344 5129 populi,
1371 5042 1447 5108 dum
1470 5043 1607 5108 conteris
1630 5042 1738 5108 hostes

842 5155 874 5214 et
896 5148 1004 5213 salvas
1025 5167 1084 5232 per
1104 5147 1192 5212 bella
1214 5153 1296 5212 tuos.
1343 5167 1428 5212 nunc
1450 5147 1599 5232 sculptile
1621 5146 1752 5212 damnat

777 5317 778 5322 ,
842 5270 935 5317 omne
957 5269 1076 5335 genus,
1102 5271 1276 5334 venumque
1299 5250 1394 5317 deum
1418 5257 1466 5334 te,
1492 5271 1625 5334 magne,
1651 5250 1815 5315 fatemur'.

526 5483 575 5534 310
593 5484 702 5542 gemitus
721 5480 819 5542 Mosa,
844 5479 951 5540 geminis
972 5477 993 5524 Τ
1131 5476 1181 5525 313
1206 5491 1295 5525 nornen
1315 5476 1336 5523 Τ
1475 5477 1524 5526 316
1548 5491 1596 5539 quc
1614 5475 1674 5524 cdd.
1695 5475 1773 5524 Mass.
1912 5475 1964 5526 ³25
1984 5479 2043 5526 ulos
2064 5481 2086 5527 Τ

456 5570 504 5620 331
525 5573 597 5619 sollte
615 5568 731 5617 dubitans
748 5566 824 5614 Belclt.
952 5565 1052 5626 pbeplls
1072 5564 1093 5610 Τ
1230 5562 1280 5613 328
1299 5564 1383 5611 salunt
1402 5563 1423 5610 Τ

1561 5560 1901 5622 cismontanorum,
1923 5564 2041 5623 magistri
2063 5567 2085 5612 Τ

456 5656 505 5704 331
523 5655 648 5703 dilictal’
753 5651 802 5700 336
820 5651 1003 5712 suscipiuntl'
1107 5649 1155 5699 331
1174 5650 1381 5712 gentibusquel'
1504 5649 1553 5698 350
1574 5639 1700 5698 banael*
1820 5647 1870 5696 ³⁵2
1888 5651 2048 5713 seriptllcT

455 5742 554 5790 damnat
577 5741 603 5803 Τ,
625 5740 713 5788 muana
732 5738 866 5787 Mommsen
969 5737 1018 5786 353
1038 5749 1175 5799 uerumque
1195 5735 1285 5799 Moza,
1304 5743 1439 5799 utrumque
1460 5737 1480 5785 Τ
