4546 6420
1229 409 1376 464 CORIPPI

873 600 1059 684 uicinaeque
1081 599 1179 664 maris
1201 598 1363 682 quondam
1386 605 1529 666 servator
1551 599 1705 683 harenae,

872 723 934 767 non
956 701 1196 768 Solomoniacas
1219 700 1339 768 audisti
1361 701 1463 768 Marte
1486 709 1631 769 catervas

871 811 917 872 tut
939 804 1057 890 liariter
1079 804 1236 872 cecidisse
1258 804 1367 889 gravi,
1393 824 1458 888 qua
1479 803 1613 872 flumina
1636 806 1729 872 clade

763 927 774 962 r»
871 908 1020 1010 impleret
1041 909 1183 974 Romana
1205 927 1337 990 manus,
1362 907 1548 993 campisque
1570 910 1725 994 perempti

870 1018 945 1095 qrrnt
967 1011 1066 1077 vestri
1088 1011 1215 1078 iacuere
1238 1011 1316 1104 viri,
1342 1011 1482 1078 ductoris
1504 1019 1538 1078 et
1558 1012 1673 1096 ingens

870 1114 1004 1180 exitium
1027 1114 1193 1198 perbelle
1215 1114 1285 1181 tuir
1327 1121 1361 1181 tu
1385 1115 1535 1199 gentihus
1557 1115 1659 1182 audes

869 1218 997 1284 invictis
1021 1217 1138 1284 inferre
1162 1226 1313 1284 maunm'l
1355 1237 1418 1285 nou
1440 1227 1580 1302 quantus
1603 1220 1734 1302 Ilaguas

869 1329 964 1387 notus
987 1323 1089 1388 Marte
1111 1321 1186 1404 tibi,
1213 1341 1308 1404 quem
1330 1327 1454 1388 tantum
1477 1321 1563 1389 farne
1586 1324 1735 1408 perennis

743 1443 772 1477 e·
869 1425 975 1511 prisca
997 1426 1104 1491 canit?
1148 1425 1238 1491 euius
1260 1425 1324 1492 iam
1347 1425 1561 1492 Maximianus
1584 1426 1617 1492 in
1639 1428 1737 1492 annis

868 1529 1015 1614 antiques
1036 1528 1196 1614 persensit
1217 1548 1313 1611 aves,
1339 1529 1481 1594 Romana
1505 1549 1562 1614 per
1583 1530 1691 1596 orbem

869 1639 995 1718 sceptra
1017 1638 1147 1712 tenens,
1174 1631 1257 1697 Latii
1279 1632 1449 1717 princepst
1491 1639 1526 1698 tu
1548 1632 1649 1698 milite
1672 1653 1789 1718 parra,

867 1736 932 1802 iam
955 1735 1111 1821 periture,
1138 1754 1227 1800 meas
1249 1734 1351 1800 audes
1374 1734 1426 1800 vel
1449 1754 1578 1802 cernere
1602 1742 1744 1802 turmam

868 1846 924 1906 aut
945 1838 1064 1924 poteris
1086 1839 1219 1904 sufferre
1241 1857 1355 1903 manus
1377 1837 1555 1922 faciemque
1577 1838 1713 1904 vitonum

867 1942 1007 2028 aspicies
1029 1941 1168 2027 campis,
1195 1939 1306 2008 dueter
1328 1942 1485 2024 Romane,
1511 1949 1675 2008 meorum?

868 2046 945 2129 quin
967 2045 1073 2131 potius
1095 2051 1243 2112 converte
1264 2044 1398 2130 pedem,
1423 2045 1476 2111 vel
1498 2053 1625 2132 sumpta
1648 2052 1816 2112 retrorsum

869 2148 964 2232 signa
985 2147 1087 2231 refer,
1113 2155 1308 2232 mortemque
1331 2167 1420 2214 cave.
1469 2148 1520 2212 sin
1542 2149 1664 2233 proelia
1686 2168 1808 2215 mecum

867 2251 993 2318 mittere
1015 2269 1109 2337 posse
1130 2257 1244 2336 putas,
1270 2250 1298 2316 si
1320 2257 1352 2317 tc
1373 2250 1463 2319 iuvat
1483 2251 1529 2318 ire
1552 2252 1612 2317 sub
1636 2253 1781 2334 umbras,

867 2361 963 2437 atque
986 2353 1057 2420 dies
1079 2373 1227 2439 suprema
1250 2359 1360 2436 vocat,
1387 2373 1443 2419 eur
1464 2353 1557 2438 signa
1579 2353 1720 2437 fatigas?

741 2477 747 2500 ⁴
867 2458 966 2524 verba
988 2456 1112 2524 remitte
1135 2455 1231 2539 mihi,
1257 2476 1340 2540 quae
1362 2455 1404 2523 sit
1424 2463 1479 2522 tua
1502 2463 1589 2524 certa
1611 2458 1776 2534 voluntns3

867 2568 900 2627 et
922 2560 1015 2627 renio
1038 2579 1226 2643 quocunque
1249 2560 1355 2642 voles,
1381 2559 1528 2626 necleta
1552 2560 1708 2626 morabor.

866 2664 946 2730 haec
969 2661 1122 2730 mandata
1144 2662 1234 2729 dedit
1256 2661 1369 2728 ductor
1390 2662 1580 2729 fortissimus
1601 2663 1668 2728 ille.

865 2773 916 2848 tu,
942 2785 1151 2850 quaecunque
1174 2766 1304 2851 placent
1324 2765 1448 2848 animo,
1474 2785 1627 2850 responsa
1650 2767 1800 2832 remitte'.

950 2877 1026 2936 tune
1048 2868 1195 2954 placidus
1216 2867 1375 2952 gravitate
1397 2889 1454 2934 sua
1479 2889 1538 2934 nee
1560 2877 1663 2936 motus
1685 2871 1718 2934 in
1739 2870 1848 2936 hostes

739 3019 744 3030 -
865 2972 977 3039 ductor
998 2972 1054 3038 ait.
1104 2971 1199 3037 ‘mihi
1221 2991 1306 3038 nunc
1328 2991 1425 3038 saevo
1447 2991 1602 3057 responsa
1624 2971 1742 3038 referre

480 5397 650 5404 ...η-μω,-

864 3097 928 3142 non
949 3095 1030 3161 opus
1052 3082 1101 3140 est
1122 3073 1217 3140 hosti.
1265 3073 1359 3140 certis
1382 3082 1456 3141 sunt
1477 3074 1541 3141 ista
1564 3075 1678 3142 diebus

863 3178 1055 3246 maturanda
1077 3177 1156 3242 mihi
1177 3177 1268 3244 saevi
1289 3176 1441 3244 mandatu
1462 3177 1603 3261 tyranni.

863 3289 937 3368 pest
959 3281 1049 3347 vobis
1072 3279 1225 3348 mandata
1248 3280 1358 3346 daho'.
1406 3280 1452 3346 sie
1474 3301 1528 3346 ore
1550 3281 1675 3348 locutus

863 3386 951 3471 ipsos
973 3385 1097 3470 privato
1119 3383 1214 3450 iussit
1236 3382 1367 3450 custode
1389 3383 1507 3463 teneri,

862 3488 957 3555 fortia
980 3488 1067 3554 facta
1089 3507 1216 3573 parans.
1263 3487 1330 3552 illis
1353 3505 1523 3572 superesse
1545 3487 1680 3553 salutem

863 3593 935 3675 quis
957 3591 1058 3678 potnit
1079 3611 1208 3676 sperare
1231 3589 1330 3655 virisl
1373 3589 1528 3675 patientie
1550 3591 1658 3674 magni

863 3703 981 3779 quanta
1003 3693 1109 3760 ducis!
1159 3700 1279 3778 quanta
1302 3698 1351 3758 est
1372 3693 1477 3778 pietas
1499 3692 1663 3777 mnusque
1687 3694 1833 3777 regendi!

863 3799 999 3864 barbara
1022 3795 1119 3864 corda
1140 3802 1264 3863 tument
1284 3795 1398 3862 insane
1420 3816 1556 3863 asceam
1579 3797 1694 3864 lurore.

862 3902 915 3967 hic
936 3902 1110 3967 elementer
1130 3899 1199 3982 agit
1220 3899 1391 3966 moderans
1413 3900 1572 3982 gravitate
1595 3900 1720 3966 latina.

862 4004 964 4071 noluit
985 4003 1097 4070 ulcisci
1119 4003 1282 4088 praesenti
1304 4009 1405 4068 mcrte
1427 4004 1598 4088 superbas,

862 4107 921 4173 sed
943 4107 1044 4173 voluit
1065 4106 1192 4172 salvare
1214 4105 1353 4172 humiles
1376 4104 1555 4190 fractosque
1577 4107 1697 4173 levare.

861 4211 908 4277 sic
929 4210 1030 4277 virtus
1052 4211 1196 4276 Romana
1218 4215 1328 4276 menet
1349 4227 1538 4294 semperque
1560 4211 1711 4276 manebit.

861 4313 991 4399 corripit
1012 4320 1044 4380 et
1066 4313 1187 4393 salvat,
1213 4311 1342 4377 veniam
1364 4309 1518 4396 premittit
1538 4313 1580 4378 ab
1603 4313 1662 4377 ira.

947 4416 1061 4484 extulit
1082 4423 1117 4482 ut
1139 4415 1239 4482 radiis
1262 4414 1431 4481 rutilantes
1454 4413 1584 4482 Lucifer
1604 4415 1697 4500 ignes

860 4520 980 4587 Oceani
1003 4520 1146 4605 prolatus
1169 4517 1280 4602 aquis,
1307 4524 1382 4583 tunc
1404 4524 1510 4584 castra
1532 4518 1652 4584 moveri

860 4630 974 4691 cuneta
995 4622 1085 4689 iubet
1106 4621 1218 4688 ductor
1239 4620 1422 4704 densasque
1445 4621 1532 4688 exire
1554 4621 1746 4706 phalangas.

860 4726 953 4811 signa
976 4743 1095 4792 canens
1117 4722 1217 4808 gemit
1239 4722 1416 4789 horrendos
1439 4721 1508 4790 feru
1530 4723 1648 4790 bucina
1669 4732 1783 4792 cautus

798 4873 799 4876 =
860 4849 934 4896 aere
958 4849 1050 4910 eave,
1077 4828 1251 4911 dulcesque
1274 4825 1408 4911 expellit
1429 4833 1557 4911 pectore
1579 4845 1717 4894 somnos.

861 4931 939 4998 dant
960 4932 1085 4998 animes
1107 4929 1186 4996 socii
1212 4930 1343 5014 (clamor
1363 4928 1499 4996 teutona
1521 4929 1642 5013 miscet)
1702 4986 1705 4992 .

860 5035 1087 5117 hortanturque
1109 5029 1248 5118 parem(
1279 5031 1392 5098 famuli
1413 5038 1489 5097 tunc
1509 5032 1576 5098 lixa
1598 5035 1757 5099 revellunt

845 5139 933 5204 -vela
956 5137 1040 5218 selo,
1066 5135 1212 5221 alipedes
1234 5134 1355 5201 ducunt
1376 5135 1586 5220 praesepibus
1608 5136 1684 5202 altis

860 5247 987 5307 ornatos
1010 5238 1169 5324 phaleris,
1196 5243 1292 5319 atque
1315 5236 1420 5302 omnin
1443 5238 1508 5303 tela
1531 5248 1707 5310 resumunt..

540 5471 590 5522 418
609 5471 773 5533 quarrtuurl'
882 5467 933 5517 470
952 5471 1039 5516 netum
1057 5471 1097 5514 est
1117 5463 1192 5516 Meas.
1304 5463 1482 5526 perhennisT
1586 5462 1637 5512 483
1655 5466 1755 5513 nsmT
1859 5465 1908 5516 484
1927 5468 2100 5529 lacemquel'

470 5557 519 5606 ltl'l
539 5561 617 5607 refers
632 5559 652 5604 l·
736 5569 810 5606 canes
826 5557 854 5604 lu
870 5555 891 5602 Τ
993 5551 1053 5602 400.
1073 5549 1123 5600 490
1141 5553 1243 5600 remlcte
1264 5551 1285 5599 Τ
1387 5549 1434 5600 501
1455 5550 1536 5613 quiT
1640 5549 1688 5598 505
1706 5557 1823 5613 presente
1840 5553 1861 5600 T

469 5644 568 5692 tareT
679 5640 729 5691 508
747 5642 873 5704 prcmlctit
895 5639 916 5687 Τ
1028 5637 1078 5687 510
1095 5638 1231 5687 οιιίιιιίΤ
1334 5637 1447 5699 prolutus
1466 5635 1543 5685 Mun.
1659 5636 1708 5686 510
1727 5639 1884 5700 ιοιιιριιοιΤ
1992 5638 2041 5687 514
2061 5653 2102 5687 ιο·

466 5733 504 5778 cil
523 5729 634 5790 Lurhm„
655 5731 728 5780 sotiis
749 5727 771 5775 Τ

1963 5552 2014 5602 506
2032 5555 2102 5602 ulu-
