4508 6434
740 445 970 503 IOHANNIDOS
989 449 1060 504 LlB.
1080 449 1128 504 IV.
1150 451 1185 506 V.
1209 451 1277 514 lIVl.

442 649 490 691 20⁵
672 635 795 702 interca
817 638 939 705 Stutias
962 640 1070 704 anima
1092 641 1235 725 fugiente
1258 640 1396 706 dolebat.

587 739 743 822 paenituit
763 741 905 808 bellasse
928 743 1041 808 ferum.
1089 743 1227 829 suspiria
1249 744 1337 810 ducit

586 861 657 906 cum
680 844 818 928 gemitu,
845 865 980 929 seseque
1004 847 1116 913 dolens
1139 847 1185 913 sic
1206 848 1351 933 increpat
1371 848 1453 932 ipse.

590 951 690 1030 ‘qnae
713 947 791 1012 mihi
812 947 958 1016 bellandi
980 949 1086 1017 fuerat
1106 957 1173 1016 tam
1196 950 1266 1016 dira
1287 952 1457 1037 voluptas?

585 1070 640 1115 cur
663 1071 766 1116 rerum
789 1052 935 1135 ingratus
958 1053 1086 1119 demine
1108 1074 1333 1138 nunquamque
1355 1054 1461 1121 fidelis

583 1155 696 1219 infelix
719 1155 834 1221 uirtute
856 1162 951 1221 mea'l
993 1156 1089 1222 modo
1111 1159 1253 1242 paenitet
1274 1158 1354 1240 ista,

583 1257 659 1323 dum
675 1258 841 1340 miserum,
868 1278 953 1324 murs
970 1279 1084 1342 saeva,
1110 1260 1222 1326 uehis.
1259 1261 1411 1342 reddam,
1437 1261 1598 1346 improba,
1625 1282 1763 1346 peenas,

583 1380 663 1444 quas
686 1363 798 1427 merui.
846 1362 937 1428 furiis
961 1364 1065 1430 socius
1088 1364 1229 1430 Catilina
1251 1365 1390 1432 cruentis

582 1465 765 1548 exagitatus
787 1466 891 1532 adest.
938 1466 1033 1533 video
1054 1468 1119 1533 iam
1142 1470 1277 1535 Tartara
1299 1468 1397 1534 fundu

582 1567 844 1654 flammarumque
867 1569 980 1653 globos
1003 1578 1036 1637 et
1057 1571 1128 1637 dira
1148 1571 1299 1638 incendia
1319 1572 1417 1637 volui.

581 1672 735 1757 perfidiae
757 1673 904 1740 meritum
928 1694 999 1738 eum
1022 1674 1123 1740 durae
1146 1675 1277 1741 crimine
1299 1675 1409 1740 mortis

581 1776 641 1842 hcc
663 1775 742 1842 mihi
763 1777 852 1843 bella
874 1778 990 1844 femnt.
1039 1778 1170 1845 doleant
1191 1785 1389 1862 caveantque
1412 1777 1517 1843 Latini

582 1880 641 1944 bas
663 1901 800 1965 poenas,
826 1883 986 1964 rebusque
1009 1881 1104 1948 fidem
1127 1882 1327 1966 dominisque
1350 1884 1540 1948 reservent’.

580 1983 676 2066 dixit,
703 1991 735 2051 et
756 1985 917 2052 infelicem
940 1986 1081 2052 animam
1104 2007 1188 2052 mors
1210 1986 1311 2072 impia
1333 1986 1459 2052 clausit.

666 2085 782 2155 occidit
804 2096 838 2156 ut
859 2090 998 2169 seutiae,
1025 2111 1218 2175 quamquam
1241 2090 1332 2155 ducis
1355 2097 1442 2156 esset
1463 2089 1598 2155 acerbus

453 2211 458 2224 ·
580 2198 679 2256 morte
702 2190 795 2256 delur
816 2193 952 2277 pupulo,
979 2193 1130 2259 Romanis
1153 2212 1297 2259 crescere
1318 2193 1419 2257 virtus

579 2301 744 2380 coeperat,
770 2303 803 2362 et
824 2315 952 2382 campos
976 2296 1063 2362 acies
1085 2296 1151 2363 iam
1174 2303 1281 2362 nostra
1307 2296 1446 2381 petebat.

579 2397 749 2464 Guntarith
772 2419 813 2465 en
834 2399 951 2466 iterum
972 2419 1125 2485 perversa
1146 2408 1253 2466 mente
1276 2399 1455 2484 malignus,

578 2502 735 2587 pertidus,
761 2502 893 2586 infelix,
919 2511 1028 2585 atrox,
1053 2503 1213 2587 insulsus,
1239 2503 1381 2584 adulter,

513 2667 518 2679 ,
579 2606 714 2690 praedo,
741 2607 916 2688 homicida,
943 2627 1060 2693 rapax,
1086 2609 1244 2673 bellorum
1266 2607 1427 2692 pessimus
1450 2613 1575 2688 auctor,

434 2730 482 2768 “5
578 2709 741 2776 ductorem
763 2710 925 2777 incautum
948 2711 1131 2776 crudelibus
1153 2717 1288 2795 occupat
1309 2711 1423 2794 armis,

573 2833 828 2902 oppressumque
851 2814 924 2880 dulc
947 2814 1070 2900 rapuit,
1096 2797 1268 2900 iuransque
1290 2815 1416 2882 fefellit.

578 2918 730 3002 principis
752 2917 840 2983 haud
860 2917 953 2983 illum
975 2919 1057 2984 tanti
1079 2919 1260 2985 reverentia
1281 2919 1395 2998 movit,-

578 3040 704 3088 sumere
725 3043 785 3088 nee
807 3021 914 3087 timuit
934 3021 1055 3087 bellum
1077 3042 1256 3107 nomenque
1278 3023 1418 3107 tyranni.

577 3145 657 3208 quas
679 3125 772 3209 Tyrii
794 3125 921 3207 clades,
947 3145 1030 3209 quae
1053 3145 1152 3191 saeva
1175 3127 1319 3211 pericula
1340 3126 1447 3211 passi!

577 3229 637 3293 sub
659 3229 770 3313 gladie
792 3228 919 3295 iacuere
943 3229 1054 3312 gravi,
1081 3228 1140 3294 sed
1163 3237 1304 3314 tempore
1327 3250 1436 3314 parvo.
1557 3273 1558 3276 κ

575 3333 764 3399 abbreviata
786 3332 856 3414 dies
877 3332 1012 3397 infanda
1033 3339 1066 3398 et
1088 3333 1228 3417 pessima
1249 3333 1340 3418 regni
1364 3341 1424 3399 est.

574 3456 648 3501 nam
671 3443 763 3521 pater
784 3436 841 3501 ille
862 3436 965 3501 benus
988 3437 1120 3502 summis
1143 3436 1340 3504 Athanasius
1362 3438 1457 3503 Afrcs

575 3539 718 3604 consiliis
740 3537 848 3604 media
870 3539 975 3624 rapuit
997 3539 1038 3605 de
1061 3538 1162 3605 caede
1184 3541 1330 3624 maligni.

575 3642 626 3708 hic
648 3643 750 3727 potuit
771 3642 907 3726 Libyam
930 3643 1083 3708 Romanis
1104 3643 1240 3710 reddere
1262 3645 1356 3710 fastis

430 3769 477 3806 η
574 3745 663 3810 sulus
686 3753 718 3811 et
738 3744 890 3811 infestum
914 3745 977 3810 leto
1000 3745 1154 3812 damnare
1176 3753 1359 3831 tyrannum.

573 3849 743 3914 Armenius
766 3848 847 3914 tanti
870 3848 975 3914 fuerat
994 3856 1071 3915 tune
1090 3850 1148 3916 ille
1170 3851 1316 3916 minister

573 3951 708 4017 consilii.
756 3951 841 4016 hunc
863 3951 1011 4036 placidus
1035 3972 1116 4018 cana
1137 3953 1295 4037 gravitate
1318 3953 1423 4038 coegit

572 4054 725 4121 immitem
748 4062 889 4121 muctare
912 4056 1025 4120 vimm.
1072 4063 1230 4141 temptare
1252 4057 1382 4142 periclis

572 4179 636 4224 non
658 4158 765 4225 timuit
786 4160 911 4242 genitur
932 4179 989 4244 pre
1011 4159 1160 4226 libertate
1184 4160 1288 4226 senili.

573 4261 744 4328 Guntarith
766 4262 897 4344 infelix,
924 4263 1057 4347 cupiens
1080 4261 1149 4328 fera
1171 4283 1272 4348 regna
1294 4271 1419 4345 tenere,

571 4365 740 4432 Armenius
762 4386 857 4432 enses
880 4387 978 4432 saeva
1000 4367 1083 4432 inter
1104 4368 1221 4452 pocula
1244 4367 1360 4448 sensit,

571 4475 603 4534 et
625 4469 754 4536 madido
777 4471 878 4537 festas
901 4470 1075 4536 maculavit
1097 4471 1254 4555 sanguine
1276 4491 1416 4538 mensas.

656 4573 766 4639 Africa
787 4581 973 4659 parlantes
995 4575 1125 4659 periens
1147 4595 1209 4639 non
1233 4575 1302 4640 ulta
1324 4575 1452 4660 rapinas

571 4676 618 4741 sic
640 4695 745 4743 mersa
767 4685 826 4744 est.
874 4685 906 4744 te
929 4685 1095 4763 exspectat
1115 4679 1220 4762 inops.
1268 4698 1417 4745 succurre
1439 4678 1591 4763 gementi.

427 4807 432 4821 ·
462 4807 474 4843 ε.
570 4799 708 4863 namque
730 4787 831 4866 potes.
878 4782 1043 4865 virtusque
1064 4781 1122 4847 tibi
1144 4781 1209 4846 iam
1233 4788 1309 4848 nuta
1331 4803 1389 4867 per
1410 4783 1517 4849 urbem
1541 4789 1608 4862 est,

571 4893 602 4950 et
624 4885 760 4968 vigilant
783 4904 916 4964 sensus,
943 4893 976 4950 et
997 4885 1093 4951 claris
1116 4885 1249 4951 dextera
1271 4886 1391 4952 factis'.

655 4988 734 5054 talia
757 5008 1005 5054 commemorans
1028 4989 1187 5055 referebat
1209 4989 1297 5055 bella
1318 4989 1481 5070 tribunus,

570 5093 692 5158 lumina
714 5092 907 5159 conturbans
931 5093 1088 5176 lacrimis,
1115 5093 1318 5177 Libycaeque
1341 5093 1450 5158 ruinas

570 5197 700 5279 fataque
723 5203 838 5262 cuncta
860 5196 976 5262 ducum
998 5197 1085 5263 luctu
1108 5197 1248 5263 deflebat
1272 5217 1390 5262 amare.

426 5323 473 5364 use
569 5300 726 5383 ingemuit
748 5300 859 5366 ductor
882 5319 1036 5366 concussa
1057 5307 1164 5366 mente
1186 5301 1356 5382 benignus.

184 5451 593 5462 n-—n—-u-*——

251 5530 300 5579 206
319 5531 415 5579 ballare
437 5531 457 5578 Τ
558 5528 607 5578 207
627 5531 747 5588 gemitum
769 5528 789 5574 Τ
894 5528 943 5577 2118
963 5529 1046 5576 lucras
1067 5529 1088 5574 Τ
1192 5527 1242 5577 212
1261 5529 1369 5576 catelina
1387 5530 1496 5578 furentis
1517 5527 1538 5575 Τ
1642 5529 1691 5580 214
1709 5531 1807 5580 ἀιπιΤ

182 5616 232 5667 222
257 5618 403 5678 gyuntnrieb
432 5617 453 5664 Τ
588 5614 637 5664 221
663 5621 706 5663 ant
735 5615 755 5662 Τ
891 5613 938 5663 231
964 5616 1107 5664 abbreulata
1131 5617 1233 5676 scripsi,
1260 5615 1301 5662 alil
1326 5616 1438 5663 breulata
1458 5614 1491 5675 Τ,
1517 5629 1574 5664 nam
1595 5616 1708 5664 breniatu
1728 5615 1802 5674 Mnus,

181 5703 231 5752 235
249 5704 365 5751 damnare
385 5702 473 5764 Maza„
499 5704 603 5750 clamare
624 5702 645 5748 Τ
782 5699 831 5749 242
851 5701 949 5749 madido
966 5703 1043 5749 festas
1060 5703 1155 5762 scripsi,
1182 5701 1246 5750 male
1264 5715 1308 5748 reu
1327 5702 1407 5748 fessas
1428 5701 1454 5760 Τ,
1483 5701 1547 5748 mule
1565 5714 1694 5750 consessas
1713 5701 1802 5762 Muta,

179 5789 479 5850 eedes.1V497.969
583 5787 632 5836 244
652 5787 789 5836 securrcl'
890 5785 941 5835 246
959 5787 1032 5835 claris
1053 5787 1080 5846 Τ,
1101 5788 1178 5836 claret
1195 5785 1313 5835 dubitares
1332 5787 1407 5835 sete.

1560 5889 1599 5939 e*
