4576 6428
341 407 344 416 v
422 443 463 505 22
513 477 517 482 ·
1141 440 1319 495 HISTORIA

356 628 397 689 39
508 631 577 694 lien
605 630 742 695 Hunirix
771 628 998 695 Wandalorum
1029 634 1061 694 et
1090 629 1263 694 Alanorum
1293 629 1451 695 universis
1482 629 1640 715 episcopis
1670 631 1896 696 homousianis.
1954 631 2040 694 ·Non

423 733 540 814 semel,
581 733 639 799 sed
677 733 805 818 saepius
842 739 966 798 constat
1001 751 1074 798 esse
1108 732 1317 817 prohibitum,
1359 741 1393 797 ut
1427 733 1461 796 in
1498 733 1634 798 sortibus
1667 735 1895 800 Wandalorum
1933 754 2040 798 saecr-

423 835 515 901 dotes
548 838 646 902 vestri
680 843 853 903 conventus
886 835 1015 902 minime
1045 837 1260 920 celebrarent,
1297 855 1338 902 ne
1368 856 1427 902 sua
1455 837 1638 903 seductione
1668 837 1793 903 animas
1823 840 2042 904 subverterent

423 938 633 1006 Christianos.
674 941 778 1018 Quam
792 961 858 1005 rem
874 947 1060 1024 spernentes
1083 940 1211 1025 plurimi
1233 961 1317 1005 nunc
1339 941 1455 1026 reperti
1478 947 1551 1006 sunt
1572 948 1680 1006 contra
1700 941 1902 1007 interdictum
1924 941 2041 1005 missas

423 1043 456 1107 in
471 1043 609 1110 sortibus
625 1044 854 1110 Wandalorum
869 1043 987 1126 egisse,
1012 1051 1192 1110 asserentes
1208 1063 1244 1109 se
1259 1044 1416 1127 integram
1431 1045 1575 1126 regulam
1598 1044 1797 1110 Christianae
1819 1045 1896 1111 tidei
1917 1053 2038 1110 tenere.
2062 1062 2074 1098 τι

423 1147 464 1211 Et
485 1145 561 1228 quia
579 1147 613 1211 in
635 1147 806 1232 provinciis
828 1167 849 1211 a
871 1146 931 1212 deo
952 1147 1045 1213 nobis
1068 1148 1227 1214 concessis
1250 1148 1437 1213 scandalum
1459 1166 1530 1213 esse
1552 1149 1708 1230 nolumus,
1734 1148 1869 1230 ideoque
1891 1148 1943 1213 dei
1967 1168 2041 1232 pro

422 1247 567 1315 videntia
595 1269 666 1315 cnm
693 1268 850 1315 consensu
872 1257 1052 1315 sanctorum
1075 1250 1294 1336 episcoporum
1317 1239 1492 1317 nostrorum
1516 1251 1574 1316 hoo
1595 1271 1653 1316 nos
1675 1251 1823 1318 statuisse
1845 1251 2037 1334 cognoscite,

424 1359 459 1418 ut
487 1352 530 1418 ad
558 1352 643 1418 diem
666 1352 886 1418 Kalendarum
909 1354 1153 1419 Februariarum
1184 1355 1327 1438 proxime
1356 1355 1551 1436 futurarum,
1584 1355 1703 1420 amissa
1731 1355 1814 1420 onrni
1837 1356 2040 1420 excusatione

425 1454 620 1538 formidinis,
646 1475 756 1522 omnes
778 1457 1005 1540 Carthaginem
1030 1457 1183 1539 veniatis,
1218 1464 1252 1523 ut
1274 1459 1315 1524 de
1337 1458 1456 1523 ratione
1479 1457 1554 1523 fidei
1576 1477 1646 1522 cum
1670 1458 1784 1522 nostris
1806 1457 2041 1522 venerabilibus

425 1559 584 1644 episcopis
599 1559 731 1643 possitis
750 1560 830 1626 inire
846 1559 1035 1644 conflictum,
1062 1568 1094 1626 et
1115 1560 1156 1626 de
1178 1560 1241 1627 lide
1264 1562 1550 1642 homousianorum,
1576 1581 1671 1643 quam
1687 1559 1869 1642 defenditis,
1895 1560 1935 1625 de
1958 1557 2042 1623 divi-
2064 1577 2092 1615 ιυ

425 1661 476 1727 nis
498 1661 662 1746 scripturis
676 1662 803 1748 proprie
818 1663 1011 1748 adprobetis,
1038 1684 1099 1747 quo
1118 1664 1219 1748 possit
1240 1665 1381 1748 agnosci,
1408 1666 1435 1729 si
1456 1665 1612 1747 integram
1635 1663 1730 1729 fidem
1751 1664 1900 1729 maeatis.
1938 1662 2042 1726 Huius

425 1771 532 1831 autern
547 1765 643 1831 edicti
658 1772 799 1832 tenorem
821 1767 980 1832 universis
1002 1767 1199 1852 coepiscopis
1221 1768 1285 1834 tuis
1306 1789 1365 1854 per
1379 1769 1558 1833 universam
1573 1767 1714 1831 Africam
1730 1767 1908 1831 constitutis
1923 1765 2045 1831 direxi-

426 1871 521 1933 mns'.
569 1868 654 1934 Data
676 1870 734 1934 sub
758 1869 924 1934 distortio
947 1869 1070 1936 decimo
1093 1871 1259 1936 Kalendas
1281 1871 1390 1937 lunias
1412 1889 1495 1936 anno
1518 1870 1652 1954 septimo
1675 1870 1828 1934 Hunirioi.

360 1975 400 2034 oo
513 1971 600 2037 XIV.
626 1973 862 2055 cognoscentes
877 1973 976 2056 igitur
990 1973 1044 2057 qui
1066 1973 1237 2040 aderamus
1260 1976 1419 2059 simulque
1442 1976 1597 2056 legentes,
1624 1974 1790 2039 contritum
1814 1979 1863 2039 est
1885 1971 2044 2054 extemplo

427 2095 480 2140 cor
508 2082 650 2140 nostrum
679 2082 712 2142 et
733 2077 950 2143 contenebrati
972 2084 1047 2143 sunt
1076 2078 1160 2142 oculi
1189 2078 1307 2160 nostri,
1341 2084 1374 2143 et
1394 2099 1469 2144 vere
1491 2085 1567 2143 tuno
1589 2075 1658 2141 dies
1680 2076 1755 2142 festi
1778 2075 1876 2141 nostri
1900 2073 2043 2138 conversi
2067 2094 2095 2132 rr

429 2185 502 2244 sunt
530 2179 563 2244 in
593 2179 710 2245 luctum
740 2186 773 2246 et
802 2180 925 2247 cantica
953 2181 988 2245 in
1010 2181 1285 2262 lamentationem,
1320 2181 1394 2247 dum
1418 2181 1513 2248 edicti
1536 2187 1627 2246 tenor
1647 2179 1804 2245 indicaret
1825 2178 1951 2243 futurae
1973 2197 2046 2262 per-

428 2283 599 2348 secutionis
614 2282 764 2365 lunonem,
790 2290 822 2349 et
836 2285 1024 2367 praesertim
1041 2285 1095 2350 ubi
1112 2284 1208 2350 dixit:
1239 2285 1288 2349 ‘in
1311 2285 1484 2370 provinciis
1499 2306 1520 2350 a
1534 2285 1594 2350 deo
1617 2283 1707 2348 nobis
1730 2280 1889 2348 concessis
1911 2280 2046 2346 scanda-

428 2387 494 2451 lum
510 2405 582 2452 esse
596 2387 775 2452 nolumus':
801 2388 895 2470 quasi
918 2388 1039 2454 diceret
1065 2389 1113 2453 ‘in
1134 2389 1307 2473 provinciis
1322 2388 1439 2453 nostris
1454 2387 1626 2453 catholicos
1641 2407 1713 2452 esse
1735 2387 1909 2452 nolumus’.
1949 2387 2048 2449 Trae-

428 2496 528 2555 tatum
546 2497 595 2556 est
608 2488 686 2573 quid
700 2489 800 2555 fieret.
838 2491 971 2556 Nullum
986 2491 1109 2557 invenit
1123 2493 1298 2558 remedium
1314 2492 1485 2558 imminens
1501 2491 1677 2572 calamitas,
1703 2491 1765 2555 nisi
1781 2511 1801 2554 a
1816 2497 1924 2555 sancto
1939 2490 2047 2571 Euge-

353 2679 357 2686 *
428 2592 482 2658 nio
504 2591 720 2674 rationabilis,
746 2593 775 2657 si
798 2611 850 2658 eor·
870 2595 1041 2660 barbarum
1064 2595 1250 2674 molliretur,
1278 2596 1480 2679 suggerenda
1503 2594 1641 2677 daretur,
1666 2594 1724 2659 tali
1745 2599 1833 2659 textu
1856 2592 2045 2677 conscripta.
2067 2611 2097 2652 ro

363 2700 400 2759 41
520 2695 690 2774 ‘Quotiens
705 2695 831 2762 animae
849 2697 901 2763 vel
917 2698 1003 2763 ritae
1019 2705 1169 2764 aeternae
1191 2718 1230 2764 ae
1251 2697 1328 2764 lidei
1343 2699 1546 2765 Christianae
1569 2717 1668 2763 causa
1689 2704 1850 2778 barmim,
1876 2695 2044 2780 intrepide,

431 2798 514 2865 siout
531 2798 650 2881 regalis
672 2799 875 2884 providentia
897 2801 1110 2886 eonpromisit,
1136 2821 1268 2867 necesse
1291 2802 1447 2884 estquod
1469 2801 1609 2886 conpetit
1630 2807 1826 2885 suggeratur.
1867 2799 1978 2882 Nuper
1991 2818 2049 2883 po-

431 2910 532 2970 testas
561 2903 651 2986 regia
679 2922 736 2988 per
757 2904 874 2970 Vitarit
901 2905 1059 2970 notarium
1087 2906 1276 2991 parvitatem
1307 2919 1411 2972 meam
1434 2906 1605 2971 admonere
1628 2904 1761 2987 dignata
1783 2910 1848 2982 est,
1881 2903 1935 2984 qui
1958 2902 2049 2968 nobis

432 3006 546 3072 merito
573 3006 740 3089 religionis
768 3027 807 3072 ao
837 3007 912 3074 fidei
934 3017 1140 3094 praeceptum
1162 3009 1232 3075 eius
1254 3009 1288 3074 in
1310 3009 1449 3076 ecclesia
1471 3014 1640 3094 praesente
1661 3006 1746 3072 clerc
1770 3013 1801 3071 et
1822 3005 1916 3090 plebe
1938 3025 2050 3070 recen·

433 3110 507 3176 suit.
554 3111 603 3175 lix
633 3111 723 3177 cuins
752 3117 861 3178 tenore
891 3113 1114 3196 cognovimus,
1147 3113 1190 3178 ad
1220 3132 1329 3180 omnes
1359 3114 1563 3199 coepiscopos
1590 3131 1678 3177 meos
1700 3118 1903 3195 praeceptum
1926 3108 2100 3191 reginmar

433 3213 580 3279 similiter
600 3233 779 3298 emanasse,
805 3221 840 3281 ot
861 3215 914 3282 die
937 3217 1109 3282 constituta
1130 3236 1186 3301 pro
1209 3216 1423 3302 disputatione
1445 3216 1521 3282 fidei
1543 3215 1704 3282 veniatur:
1731 3211 1816 3297 quod
1837 3232 1895 3278 nos
1917 3231 2051 3276 venera·

433 3317 541 3384 biliter
569 3317 733 3402 accepisse
762 3319 993 3401 suggessimus.
1041 3320 1101 3386 Oui
1123 3321 1267 3405 praefato
1295 3321 1416 3386 notario
1446 3319 1610 3385 humilitas
1632 3339 1705 3383 mea
1727 3317 1906 3399 suggessit,
1933 3315 2050 3380 debere

434 3421 532 3486 etiam
553 3420 836 3486 transmarinarum
860 3423 1000 3488 omnium
1022 3423 1175 3508 partium,
1208 3423 1263 3507 qui
1284 3424 1449 3490 nobiseum
1472 3430 1546 3488 sunt
1574 3422 1608 3487 in
1630 3441 1693 3486 uua
1714 3420 1869 3503 religione
1891 3419 1943 3484 vel
1966 3437 2052 3483 oom-

435 3523 600 3606 munione,
630 3529 792 3589 consortes
813 3543 1005 3608 agnoscere,
1031 3525 1107 3608 quia
1128 3526 1245 3608 ubique
1268 3545 1366 3610 regno
1388 3527 1458 3592 eius
1480 3528 1698 3610 obtemperant
1721 3522 1877 3588 universi:
1915 3521 2052 3588 maxime

369 3631 410 3691 42
437 3626 522 3710 quod
543 3627 640 3692 totius
662 3627 774 3693 mundi
795 3627 838 3693 sit
859 3648 967 3712 causa,
993 3648 1055 3694 non
1078 3630 1227 3714 specialis
1249 3630 1483 3715 prouinciarum
1501 3628 1721 3694 Africanarum
1743 3625 1971 3692 tantummodo.
2012 3626 2052 3690 Et
2072 3647 2101 3686 :ro

436 3730 512 3814 quia
540 3730 680 3796 secundo
708 3749 861 3816 responso
891 3731 1128 3815 suggerendam
1157 3753 1208 3798 me
1238 3732 1368 3817 promisi
1398 3732 1593 3814 oblaturum,
1624 3729 1736 3794 merito
1765 3728 1951 3814 suppliciter
1979 3735 2052 3814 peto

436 3831 706 3915 magnificentiam
728 3840 826 3916 trram,
853 3839 887 3898 ut
909 3833 953 3899 ad
973 3833 1082 3900 dornni
1103 3842 1135 3900 et
1157 3835 1397 3901 clementissimi
1419 3834 1505 3917 regis
1528 3853 1622 3899 aures
1644 3839 1848 3898 memoratam
1872 3831 2053 3915 suggestio-

436 3957 509 4003 nem
525 3955 629 4002 meam
645 3935 785 4020 perferre
801 3935 955 4020 digneris:
983 3957 1045 4020 quo
1061 3939 1130 4004 eius
1153 3938 1322 4006 clementia
1344 3938 1514 4022 dignanter
1535 3944 1698 4020 agnoscat,
1724 3955 1781 4001 nos
1805 3935 2051 4020 disputationem

509 4198 520 4246 l
541 4197 644 4246 hrrnlrix
663 4197 725 4244 BV:
746 4198 873 4248 bunirlcns
893 4199 923 4259 lt,
943 4200 1077 4249 honericus
1095 4201 1133 4261 Lp
1271 4202 1421 4250 omousianis
1439 4201 1487 4261 Rp,
1507 4199 1643 4247 omnsianis
1662 4197 1715 4256 BV,
1736 4198 1871 4246 emusiarrls
1890 4197 1911 4243 L
1932 4197 2012 4259 (codes
2031 4199 2051 4243 Α

440 4287 474 4347 11,
496 4288 527 4334 57
546 4299 598 4347 sqq.
617 4297 711 4345 conpar
727 4290 788 4333 recte
806 4285 876 4334 babet
892 4286 1004 4337 bornorrs.
1026 4301 1080 4334 crem
1098 4287 1115 4334 h
1134 4289 1221 4350 littera)
1346 4287 1361 4336 2
1386 4288 1541 4336 consortibus
1561 4303 1578 4348 p
1682 4283 1697 4332 3
1716 4297 1761 4331 neo
1779 4297 1823 4330 soa
1841 4284 1962 4331 seditione
1983 4283 2020 4344 Rp

438 4371 620 4434 ¹isperncntes
638 4385 724 4432 rarnp
840 4384 906 4420 nuno
925 4372 979 4434 Rp:
997 4385 1045 4422 om.
1066 4371 1138 4419 BLV
1251 4379 1311 4420 sont
1328 4375 1453 4436 repertip
1574 4373 1687 4432 degisse
1707 4370 1789 4418 BLV:
1808 4371 1887 4417 iacere
1906 4369 1959 4431 Rp‚·
1979 4383 2054 4430 supro

440 4458 476 4517 ll,
497 4461 512 4504 4
532 4459 620 4506 missas
638 4471 709 4518 agere
830 4457 985 4507 Christianae
1003 4474 1030 4507 ac
1048 4473 1121 4507 uerae
1139 4459 1196 4507 iidei
1216 4459 1273 4508 Lcr.
1294 4464 1316 4507 et
1335 4461 1407 4520 culpo
1529 4458 1544 4506 6
1563 4459 1668 4519 ideoque
1687 4455 1787 4516 BRVp:
1810 4455 1866 4502 ideo
1885 4455 1907 4503 L
1924 4461 1946 4502 et
1964 4457 2052 4516 culpo,-

439 4545 474 4606 ‘’f-
490 4543 574 4606 rma
593 4543 736 4603 colligantes
753 4543 934 4606 lamminasqrre
953 4546 1012 4594 lerrl
1032 4581 1061 4594 ..
1082 4546 1239 4608 adporrebant
1344 4545 1433 4594 ioum
1452 4545 1566 4594 sansrrV
1668 4543 1868 4592 Sianuariarom
1880 4541 2019 4602 ch.ctp

439 4631 530 4678 amisso
549 4628 579 4689 L,
599 4629 689 4678 omissa
707 4629 765 4678 Lor.
786 4635 809 4677 et
825 4633 898 4691 culpo
1002 4645 1074 4679 onrrre
1091 4631 1139 4678 BV
1249 4631 1425 4691 drauhsgirre
1443 4630 1520 4691 iiiiii)
1529 4630 1555 4690 V,
1577 4629 1751 4689 Carthaginip
1866 4628 1896 4677 lo
1915 4635 1944 4677 ut
1961 4636 2020 4690 etp

440 4717 470 4765 de
489 4716 536 4764 lide
555 4713 661 4762 Bthl':
689 4714 795 4777 ddemp
915 4719 1113 4766 omousianorum
1134 4717 1186 4776 bo,
1215 4719 1417 4767 omousianorum
1437 4717 1483 4766 BV
1602 4717 1633 4764 de
1653 4729 1736 4775 orrap
1857 4715 1965 4762 diuersis
1983 4715 2021 4776 lip

443 4801 473 4854 12
486 4801 637 4864 coepiscopis
651 4800 705 4862 Rp.-
719 4803 842 4864 episcopis
856 4803 925 4851 BLV
935 4808 957 4851 et
969 4805 1056 4864 oulpo,·
1070 4803 1105 4863 cs.
1119 4819 1143 4853 o.
1159 4802 1192 4851 25
1205 4809 1228 4852 et
1236 4819 1263 4864 p.
1278 4803 1322 4866 23,
1340 4802 1368 4853 13
1382 4808 1405 4851 et
1419 4801 1448 4850 ll
1557 4801 1586 4849 13
1600 4815 1650 4849 xrrr
1661 4800 1707 4851 BL
1809 4802 1913 4862 septimo
1924 4803 1973 4848 mei
1980 4815 1987 4845 :
2001 4813 2059 4861 sep·

441 4890 502 4937 tirno
514 4889 585 4948 regul
603 4886 641 4936 cd.
656 4886 732 4936 Boiu.
838 4887 945 4937 hunirici
959 4889 995 4936 R:
1013 4889 1130 4937 bunnrici
1144 4890 1196 4952 BV,
1218 4890 1330 4938 hunerici
1343 4891 1380 4950 Lp
1392 4893 1414 4936 et
1426 4890 1501 4948 vulpe
1607 4886 1637 4934 14
1656 4887 1859 4947 cognoscentibus
1874 4921 1879 4934 .
1896 4920 1902 4934 .
1917 4886 2059 4945 legentibus

440 4976 546 5023 oontdta
563 4977 624 5021 suut
640 4975 765 5036 extemplo
783 4974 854 5023 eorda
870 4976 994 5024 nostraL
1098 4976 1250 5036 exemplol'
1354 4974 1384 5023 16
1402 4973 1623 5023 lamentationeB
1727 4972 1756 5020 l'i
1775 4973 1910 5035 prouinciis
1927 4971 1982 5033 Rp:
2001 4985 2057 5032 pro-

441 5059 726 5119 uinciisnostrisBLl',
741 5058 935 5121 cs.suprrro.6
1035 5062 1240 5122 uobisadeolip
1345 5060 1375 5110 18
1394 5061 1589 5124 qnosidiceret.
1605 5094 1612 5108 .
1627 5061 1801 5126 nolumuvsom.
1817 5057 1855 5118 Rp
1961 5056 1990 5105 19
2009 5058 2057 5105 nisi

441 5160 455 5194 a
473 5145 557 5195 BLV:
577 5147 646 5194 Tunc
665 5146 711 5206 Rp,
732 5147 782 5194 rrisi
800 5153 829 5194 nt
846 5163 859 5194 a
877 5148 916 5197 ed.
936 5146 1012 5196 Boia.
1136 5149 1214 5195 sancti
1236 5149 1286 5208 (sic)
1308 5149 1413 5207 eugenio
1432 5147 1454 5194 li
1575 5145 1607 5194 20
1626 5145 1779 5193 rationabilis
1798 5143 1881 5190 BLV:
1905 5144 2057 5191 rationabilis

441 5246 513 5281 canna
531 5232 587 5280 ulca
608 5232 671 5294 [nisa
689 5245 762 5280 cansa
778 5232 801 5292 p)
824 5236 864 5280 est
881 5231 920 5293 lip
1032 5233 1146 5280 siccorL
1260 5235 1449 5294 barbaroramp
1561 5231 1717 5291 suggerendo
1735 5233 1756 5278 si
1775 5230 1878 5290 leganda
1896 5231 1997 5278 daretur
2014 5232 2057 5278 tali

440 5324 512 5369 textu
531 5319 636 5380 epistola
653 5318 791 5379 conseripta
808 5317 847 5378 lip
950 5316 983 5366 22
1001 5325 1039 5365 est
1057 5325 1087 5366 rrt
1103 5320 1169 5380 quod
1188 5317 1226 5366 ed.
1248 5318 1324 5367 liniri.
1431 5318 1462 5366 23
1482 5318 1627 5366 uirlarednnr
1648 5316 1684 5374 L,
1707 5319 1860 5376 uicariump
1964 5331 2057 5365 nmmo-

441 5419 500 5454 nore
518 5403 566 5450 BV
679 5402 711 5451 24
730 5405 817 5451 merito
835 5403 961 5464 religionis
981 5418 1008 5451 cc
1025 5404 1083 5452 ddei
1102 5404 1156 5466 Rp:
1176 5405 1263 5452 merlto
1281 5419 1309 5452 ac
1327 5406 1454 5465 religionis
1474 5404 1531 5452 {idei
1549 5403 1604 5464 BV,
1625 5403 1656 5451 de
1675 5403 1761 5450 merito
1779 5417 1805 5449 ac
1824 5403 1942 5460 religione
1961 5403 2016 5451 iidei
2038 5404 2057 5450 L

440 5496 463 5538 et
480 5493 554 5552 culpo
658 5495 807 5552 preceptsp
911 5487 977 5554 eins]
996 5489 1044 5536 eL
1148 5488 1181 5537 28
1199 5491 1430 5538 transmarinrrmV
1531 5491 1641 5550 partium
1659 5488 1809 5538 omniomL
1913 5490 2023 5538 nobrso

442 5577 474 5626 29
493 5578 535 5626 ubi
554 5577 580 5624 lrr
599 5575 713 5637 regnoL
816 5575 872 5623 eirrs
889 5588 937 5624 om.
959 5575 996 5635 Rp
1100 5575 1315 5636 obtemporantl'
1434 5575 1466 5623 30
1484 5577 1518 5622 sit
1535 5574 1626 5624 om.L
1739 5574 1875 5623 alrirannrrr
1895 5573 1948 5632 BV,
1969 5575 2058 5622 alricu-

442 5677 528 5712 norum
547 5661 569 5709 L
690 5660 718 5709 ol
740 5657 859 5727 secundo]
878 5665 963 5708 sancto
979 5675 1013 5720 p,·
1034 5661 1170 5707 secundum
1189 5675 1335 5722 responsum
1356 5660 1487 5708 ldornrurea
1611 5659 1790 5718 suggerendum
1811 5659 1854 5706 bl?
1974 5673 2059 5720 precor

443 5750 481 5812 op
584 5747 616 5796 32
635 5747 718 5794 domni
736 5747 822 5794 lilll':
841 5747 935 5795 domiui
954 5745 991 5808 Lp
1096 5745 1127 5795 :33
1146 5748 1297 5796 asrroscatli
