4508 6434
707 419 938 473 IOIIANNIDOS
957 420 1027 473 121ss.
1050 420 1126 474 VIII.
1151 419 1234 484 [VIIJ.

550 629 612 673 non
634 607 726 672 iilum
750 609 888 674 salvavit
910 630 1010 694 equus
1033 609 1162 676 levitate
1186 631 1244 694 per
1266 611 1390 690 hostes,

549 731 612 793 quo
635 711 697 776 sibi
719 711 796 778 tisus
819 720 904 796 crat,
930 735 989 780 nec
1013 714 1147 778 fractum
1171 713 1299 779 conscia
1320 713 1420 779 virtus

550 815 666 900 eripuit
690 815 765 880 satis
788 823 844 882 sut
865 835 956 882 sacro
979 817 1107 882 nominc
1130 816 1250 882 Gumil.

635 918 775 1002 armiger
797 939 874 986 ense
897 927 993 1005 caput
1015 920 1154 985 ductoris
1177 920 1302 985 nomine
1325 921 1413 985 Varti

549 1028 694 1107 amputat
716 1043 757 1088 err
780 1023 937 1106 humeriS,
964 1024 1136 1108 palinequc
1159 1024 1235 1089 astit
1258 1025 1365 1090 enardi

550 1145 620 1191 mee
643 1125 794 1192 Tiluzant
817 1127 945 1192 Dorotis
968 1126 1050 1193 ferro
1073 1134 1167 1193 necat

550 1229 678 1295 enecuit

551 1332 754 1417 cornipedem
776 1332 910 1398 Aurata!
935 1339 1001 1397 tum
1026 1353 1155 1399 currens
1178 1334 1302 1400 Fastita
1324 1334 1394 1400 fixit

414 1459 419 1494 r
442 1459 454 1496 s
550 1435 672 1501 missile
695 1443 845 1501 contorto.
892 1435 976 1520 fugit
998 1436 1072 1501 ilico
1094 1437 1182 1502 mille
1205 1458 1262 1522 per
1284 1437 1408 1516 hostes,

550 1539 784 1624 permistusque
807 1539 874 1605 suis
1077 1541 1080 1546 ’

636 1643 813 1726 Carcasum,
840 1643 929 1709 tanta
953 1663 1127 1709 concussus
1151 1643 1250 1709 caede
1275 1664 1419 1710 suorum.

549 1767 607 1831 per
628 1746 752 1812 medios
774 1746 883 1813 hostes
906 1746 1046 1812 ductoris
1071 1747 1165 1830 signa
1187 1747 1330 1828 retorsit,

549 1850 640 1915 milia
662 1850 763 1916 multa
783 1850 926 1916 trahens.
974 1851 1155 1917 venientem
1177 1850 1259 1916 vidit

551 1955 644 2020 heros
665 1954 899 2037 magnanimus.
947 1954 1055 2020 felicia
1077 1954 1143 2020 tela
1165 1954 1317 2020 Iohannis

550 2058 701 2140 armigeri
723 2057 808 2143 rapit
827 2058 898 2142 ipsa
920 2078 1035 2141 manu,
1062 2057 1190 2142 piloque
1213 2061 1370 2143 superbus

549 2161 658 2244 irruit,
684 2161 919 2246 adversumque
941 2162 1022 2247 petit
1043 2182 1100 2247 per
1122 2163 1257 2228 vulnera
1279 2171 1390 2247 pectus

549 2273 582 2331 et
604 2265 678 2331 ferit
698 2265 887 2350 intrepidus.
935 2265 1068 2349 sanguis
1090 2287 1148 2351 per
1169 2266 1235 2332 tela
1258 2269 1395 2335 cucurrit

549 2371 681 2436 vulnere
704 2389 828 2435 summa
850 2367 971 2451 fluens,
997 2377 1168 2453 vestesque
1191 2372 1334 2454 aspergit
1355 2373 1485 2440 heriles.

441 2519 445 2530 ·
548 2474 709 2557 extemplo
731 2474 876 2538 turbatae
898 2473 984 2540 acies
1007 2483 1160 2558 pereunte
1183 2482 1317 2559 tyranno

549 2576 777 2642 Marmaridum
799 2577 919 2661 patiere
942 2576 1062 2660 fugam.
1110 2578 1174 2642 iam
1198 2578 1305 2644 nullus
1328 2579 1360 2644 in
1384 2580 1507 2646 hostem

550 2681 701 2746 contorsit
720 2679 836 2762 telum,
863 2681 922 2746 sed
944 2681 1027 2745 laxis
1049 2680 1149 2747 fertur
1171 2682 1307 2747 habenis

550 2804 675 2850 currere
698 2783 881 2869 compulsus
903 2784 1042 2869 sonipes
1090 2805 1149 2850 nec
1171 2784 1268 2852 fidere
1291 2789 1404 2854 castris

549 2889 615 2954 iam
637 2887 739 2973 potuit
759 2887 935 2953 Nasamon.
983 2889 1065 2953 latos
1088 2888 1258 2954 moriturus
1280 2889 1314 2954 in
1338 2911 1432 2975 agros

550 2990 647 3057 currit
668 3010 767 3072 eques
790 2991 966 3074 mistusque
988 2991 1097 3076 pedes.
1147 2993 1289 3057 Romana
1313 3003 1489 3078 sequuntur

551 3094 644 3179 signa
666 3095 826 3176 ducesque
850 3095 963 3176 simul,
989 3095 1112 3160 numeri
1135 3096 1297 3179 fortesque
1319 3098 1449 3164 tribuni.

551 3205 583 3263 et
606 3198 709 3262 laetus
731 3198 850 3281 pariter
872 3197 959 3263 felici
981 3198 1082 3263 Marte
1104 3199 1263 3264 Iohannes

551 3308 625 3366 ante
648 3300 735 3366 volat
756 3299 873 3366 densas
896 3309 1041 3368 sternens
1064 3322 1121 3386 per
1142 3309 1234 3387 prata
1257 3311 1411 3370 catervas.

550 3404 666 3489 planus
689 3411 758 3470 erat
779 3424 928 3490 campus,
954 3404 1036 3470 liber
1057 3425 1119 3488 quo
1142 3426 1268 3471 currere
1291 3414 1403 3492 posset

443 3555 447 3566 .
552 3507 644 3572 miles
667 3514 699 3573 et
719 3506 863 3572 infensas
885 3508 959 3574 telis
982 3507 1147 3574 effundere
1169 3515 1301 3575 turmas.

550 3609 721 3692 invadunt,
747 3617 951 3694 mactantque
973 3611 1033 3676 viri
1055 3612 1190 3695 gentilia
1212 3614 1333 3698 passim

552 3733 683 3799 corpora
705 3714 943 3780 Marmaridum.
991 3734 1111 3800 poenas
1134 3715 1190 3780 dat
1213 3717 1316 3782 victus
1339 3719 1471 3801 Ilagua's

551 3817 777 3900 Ifuracumque
798 3819 886 3884 acies
908 3825 940 3884 et
962 3818 1059 3884 mixto
1082 3819 1215 3885 Naffurc
1237 3821 1358 3887 Frexes

553 3919 631 3986 dant
651 3921 776 3986 animas
799 3921 928 4005 gladiis.
976 3922 1109 3986 Romani
1134 3921 1244 3988 militis
1267 3923 1315 3988 ira

554 4045 595 4109 ey

554 4150 575 4213 Ι)

555 4233 565 4296 I

557 4333 682 4401 condun

556 4459 613 4523 per
634 4457 802 4523 ramosque
826 4438 949 4504 sedent.
996 4437 1042 4504 ibi
1067 4438 1211 4503 fervidus
1234 4440 1267 4504 in

447 4567 461 4604 s
556 4562 614 4607 ceu
639 4548 787 4622 venator,
813 4561 892 4606 aves
913 4542 1002 4607 visco
1026 4542 1081 4625 qui
1103 4541 1188 4606 fallit
1210 4549 1242 4608 et
1264 4547 1344 4609 arte.

556 4644 723 4729 sauguinis
745 4665 785 4710 cx
808 4643 894 4710 omni
915 4642 1078 4710 fluitantes
1101 4645 1214 4710 arbore
1237 4644 1297 4710 rivi

789 4753 805 4778 ἢ
1083 4754 1094 4780 u]

937 4805 949 4832 ᾳ

239 5033 289 5083 618
307 5035 373 5081 flxus
396 5031 417 5079 I'
551 5028 597 5078 6⁸21
620 5029 752 5090 politisque
775 5028 801 5080 T.
824 5027 988 5089 I’Inlinucquc
1006 5029 1064 5088 legit
1084 5027 1173 5084 Marc..
1195 5032 1237 5090 qui
1255 5029 1419 5090 Plulinacquc
1437 5035 1459 5076 et
1477 5029 1570 5078 Euordi
1588 5046 1634 5092 pro
1651 5033 1792 5081 nomior'bor

172 5120 296 5178 ,Mauricio
318 5119 388 5166 Astu
405 5123 427 5165 et
446 5117 499 5166 Moe
516 5129 560 5176 pro
576 5114 715 5164 ianuarum
733 5113 853 5161 Homonir
870 5116 963 5174 occepit
1066 5113 1115 5162 622
1134 5113 1269 5162 dorozisI’
1370 5113 1418 5163 627
1438 5116 1585 5164 mrtasanT
1686 5116 1791 5166 63610-

171 5207 259 5254 IrannIs
276 5204 303 5266 Y,
324 5205 447 5252 Iohannes
460 5201 550 5262 Mosa,
570 5201 611 5249 scd
623 5203 657 5263 cs.
671 5203 731 5249 691).
756 5199 790 5246 VI
800 5201 852 5247 666
938 5199 988 5248 632
1007 5183 1257 5261 percussorium.
1347 5200 1397 5248 635
1417 5202 1537 5263 extimplo
1553 5202 1573 5248 Τ
1658 5203 1708 5252 636
1728 5203 1791 5250 Mar-

172 5291 293 5340 maridum
311 5291 405 5350 scripsi,
426 5288 598 5336 marmandam
619 5287 648 5346 Τ,
670 5286 830 5335 Marmaridae
850 5285 926 5334 Moza.
1045 5285 1095 5334 646
1113 5286 1221 5335 Romana
1239 5293 1379 5348 sequuntur
1397 5287 1481 5348 neec„
1503 5301 1618 5336 romanus
1636 5295 1752 5350 equester
1774 5289 1794 5335 Τ

170 5377 220 5426 642
238 5376 339 5425 IntusT
443 5375 493 5424 646
512 5372 656 5422 inIssscsT
758 5372 888 5420 effundere
909 5371 938 5432 T,
959 5371 1109 5419 confundere
1127 5374 1213 5420 moiim
1318 5373 1367 5422 646
1387 5373 1487 5421 Nasum
1506 5373 1601 5434 addidi,
1621 5372 1656 5433 cs.
1673 5374 1717 5420 111
1732 5377 1788 5423 rat.

175 5467 231 5512 189.
258 5464 306 5510 VII
317 5465 376 5512 381⁴
