4508 6434
840 429 1071 485 IOHANNIDOS
1090 432 1160 487 LlB.
1183 435 1233 488 lll.

613 635 689 681 ense
711 617 820 699 gravi,
848 617 1008 702 similique
1031 621 1117 686 viros
1138 621 1255 687 virtute
1277 623 1418 688 necabas

612 718 773 783 Germano
796 727 967 805 spargente
983 721 1086 788 ferum
1109 723 1292 808 victumque
1315 731 1496 808 tyrannum.

611 830 643 887 te
665 822 774 888 Cellas
793 823 904 889 Vatari
926 824 1004 890 miro
1028 827 1194 910 spectabat
1215 847 1341 909 amore,

611 932 643 990 te
665 925 797 990 Autenti
818 945 933 992 saevos
955 935 1149 994 mactantem
1171 929 1297 995 viderat
1318 930 1436 995 hostes.

696 1035 772 1094 tuno
794 1028 880 1094 facta
902 1036 952 1096 est
973 1037 1100 1096 nostrae
1124 1032 1250 1114 requies
1272 1031 1485 1116 pinguissima
1507 1041 1621 1100 terrae.

610 1152 673 1195 non
696 1132 834 1214 bellum,
861 1152 924 1197 uon
948 1131 1069 1217 praedo
1092 1153 1210 1218 rapax,
1237 1155 1300 1200 non
1322 1135 1417 1200 miles
1439 1156 1556 1202 avarus

609 1233 729 1300 rustica
751 1241 836 1300 tecta
858 1235 954 1301 subit.
1001 1243 1176 1321 temptatur
1197 1239 1289 1302 nulla
1311 1239 1469 1323 supellex.

609 1337 717 1402 omnia
739 1338 836 1422 plena
858 1338 950 1403 bonis
973 1337 1109 1422 Libyae.
1156 1361 1220 1424 pax
1244 1347 1312 1405 tuta
1334 1361 1391 1425 per
1413 1340 1532 1408 orbem.

610 1448 685 1507 tnnc
708 1440 848 1506 fecunda
870 1441 986 1523 Ceres,
1016 1448 1092 1506 tune
1114 1441 1218 1508 laetus
1241 1443 1411 1527 pampinus
1434 1444 1506 1508 uvis

501 1563 514 1600 a
609 1544 758 1629 pictaque
780 1543 978 1627 gemmiferis
999 1545 1094 1610 arbor
1116 1546 1308 1630 splendebat
1329 1547 1434 1612 olivis.

610 1647 704 1712 miles
726 1653 759 1713 et
779 1648 813 1712 in
836 1648 971 1733 propriis
994 1648 1133 1713 laetatus
1156 1648 1288 1714 sedibus
1312 1648 1433 1714 insons.

610 1751 711 1815 cultor
731 1750 766 1814 in
788 1750 874 1815 omni
894 1749 988 1834 'parte
1011 1769 1087 1815 suas
1110 1751 1257 1835 plantare
1279 1752 1425 1816 novellas

609 1859 774 1938 coeperat,
802 1857 834 1918 et
857 1853 969 1918 ductos
992 1852 1129 1936 iungens
1153 1853 1195 1918 ad
1218 1861 1325 1919 aratra
1347 1854 1499 1919 iuvencos

609 1976 686 2021 arva
708 1956 837 2021 serebat
857 1975 975 2038 ovans,
1001 1955 1212 2041 placidusque
1235 1977 1255 2021 a
1277 1963 1382 2022 monte
1406 1959 1552 2023 canebat.

608 2077 707 2124 aursus
730 2059 826 2124 etad
848 2059 958 2124 lunam
983 2060 1086 2126 laetus
1109 2065 1238 2126 cantare
1261 2060 1373 2125 viator.

609 2162 700 2227 dives
722 2182 819 2246 opum
842 2183 906 2247 pax
929 2162 1059 2246 pinguis
1080 2169 1160 2228 erat.
1208 2171 1364 2229 mereatur
1387 2164 1504 2248 ubique

608 2265 744 2349 quisque
766 2265 862 2330 canit.
910 2271 1060 2330 resonant
1083 2265 1204 2331 securis
1227 2266 1369 2332 carmina
1390 2267 1483 2332 terris

609 2368 718 2434 dulcia
739 2388 866 2452 voxque
889 2369 980 2433 leuis.
1028 2367 1175 2452 gaudens
1198 2368 1273 2434 bine
1295 2375 1404 2435 canmt
1425 2377 1548 2452 arator,

608 2470 685 2537 inde
708 2471 811 2536 viator
832 2491 944 2536 ovans.
991 2471 1175 2537 mulcebant
1197 2491 1273 2556 ergo
1296 2472 1458 2538 Camenae

608 2581 641 2640 et
662 2574 761 2638 variis
782 2573 946 2638 bominum
970 2574 1159 2640 relevabant
1179 2581 1309 2658 pectora
1330 2575 1442 2640 Musis.

608 2677 741 2743 libertas
764 2677 828 2742 iam
852 2677 949 2762 plena
970 2676 1048 2759 fuit,
1076 2677 1135 2742 sed
1157 2684 1298 2761 ternpore
1321 2698 1431 2764 parvo.

607 2778 718 2844 invida
739 2786 814 2845 snut
836 2779 951 2844 misero
974 2779 1110 2845 fatorum
1134 2780 1272 2845 stamina
1295 2779 1425 2845 mundo.

607 2902 679 2962 cur,
706 2881 877 2964 Lachesis,
903 2881 1066 2947 bominum
1089 2883 1179 2948 tenui
1201 2883 1376 2968 pendentia
1396 2883 1451 2948 iilo

607 2984 675 3050 fata
696 2990 810 3050 tenes?
853 2984 968 3050 leviter
989 2984 1097 3070 pellis.
1144 2985 1209 3051 iam
1232 2986 1388 3071 rumpitur
1410 2987 1508 3052 orbis.

607 3086 742 3153 fortibus
764 3093 821 3153 aut
842 3087 928 3152 aeris
950 3087 1072 3154 referes
1095 3087 1234 3171 ferrique
1256 3089 1390 3154 eatenis.

607 3196 721 3256 cuncta
743 3209 874 3255 movens
897 3197 998 3256 terror
1019 3197 1194 3275 premeret,
1221 3211 1284 3256 nou
1308 3199 1470 3277 rumperet
1490 3191 1549 3258 ira.

694 3293 822 3376 iamque
844 3313 945 3358 novas
967 3293 1081 3359 melior
1102 3301 1309 3379 reparaverat
1330 3293 1440 3361 Africa
1462 3296 1546 3362 vires

915 3397 933 3430 a
1209 3397 1227 3430 a

1063 3449 1078 3480 il(

605 3505 701 3582 atque
724 3499 886 3564 homiuum
910 3506 1038 3565 vastare
1061 3519 1164 3583 genus
1186 3499 1404 3584 mundumque
1427 3501 1588 3568 labantem

606 3608 765 3687 coeperat.
813 3601 863 3666 his
885 3603 1001 3668 nostris
1024 3603 1157 3668 veniens
1180 3603 1326 3670 fervebat
1346 3605 1379 3670 in
1401 3605 1476 3670 oris.

605 3723 769 3789 nunquam
791 3704 903 3770 audita
924 3705 986 3771 init
1007 3705 1117 3771 mortis
1138 3712 1204 3770 tam
1226 3706 1327 3771 tristis
1348 3707 1474 3790 imago,

604 3828 667 3873 non
689 3806 775 3873 orbis
797 3807 939 3874 novitate
961 3808 1069 3890 rudis,
1095 3828 1159 3873 non
1182 3814 1324 3894 ternpore
1346 3810 1499 3893 Pyrrhae.

603 3931 678 3976 nam
701 3911 835 3977 miseros
858 3911 1007 4002 monstris
1029 3911 1220 3977 conturbans
1243 3913 1349 3978 letifer
1370 3933 1474 3978 annus

604 4014 777 4080 miscuerat
799 4015 923 4099 superis
945 4035 1077 4097 manes,
1104 4033 1239 4098 seseque
1262 4015 1415 4081 videbant

604 4117 739 4183 vulnera
761 4117 879 4182 divinis
902 4117 1049 4184 homines
1071 4118 1219 4184 hausisse
1243 4119 1388 4201 sagittis,

603 4227 670 4285 tum
692 4219 799 4284 uarias
821 4227 930 4304 pestes
953 4240 1017 4285 una
1039 4239 1231 4303 consurgere
1253 4227 1338 4285 terra

603 4329 817 4408 aspectusque
840 4317 936 4389 feros.
983 4323 1048 4387 iam
1071 4322 1180 4388 nullus
1202 4329 1303 4388 terror
1324 4322 1449 4388 acerbis

603 4426 767 4491 mortibus.
816 4425 903 4491 baud
925 4426 989 4492 leta
1012 4432 1158 4492 metuens
1181 4445 1241 4490 sua
1262 4426 1384 4491 lumina
1405 4427 1539 4510 elausit,

602 4534 693 4595 aetas
717 4528 745 4592 si
767 4549 832 4610 qua
853 4529 927 4595 ruit.
974 4529 1114 4594 lacrimis
1136 4529 1282 4613 privatur
1303 4530 1422 4595 amaris

601 4630 775 4697 humanum
799 4652 918 4715 genus,
945 4638 978 4698 et
999 4631 1188 4717 plangentia
1209 4633 1332 4697 lumina
1353 4653 1416 4698 non
1439 4641 1529 4715 sunt,

458 4759 462 4769 ·
493 4781 497 4792 .
602 4733 677 4798 dum
701 4734 762 4799 sibi
784 4735 920 4818 quisque
941 4735 1042 4800 timet.
1089 4736 1198 4799 nullus
1220 4742 1296 4800 tunc
1318 4735 1459 4801 reddidit
1482 4737 1583 4803 ullum

602 4837 723 4902 funeris
745 4837 946 4921 obsequium.
994 4838 1099 4902 sonuit
1120 4858 1184 4903 uon
1207 4839 1311 4930 luctus
1333 4839 1365 4902 in
1389 4839 1477 4904 urbe.

602 4961 666 5005 non
688 4959 825 5025 sponsus
848 4959 999 5025 sponsam
1022 4939 1127 5024 flevit,
1154 4961 1218 5006 non
1239 4947 1341 5025 nupta
1362 4941 1520 5008 maritum.

283 5220 333 5268 als
352 5221 427 5268 cellas
449 5220 477 5282 Τ,
498 5219 578 5266 cultor
597 5217 686 5280 Musa„
707 5218 782 5266 tellus
802 5219 888 5278 Haupt
909 5219 999 5278 Operae.
1021 5219 1065 5264 111
1082 5221 1142 5280 696,
1162 5218 1205 5268 aed
1223 5219 1257 5280 cf.
1279 5219 1351 5268 Prae.
1372 5219 1394 5268 b.
1415 5220 1493 5270 Vane.
1517 5223 1591 5270 1117
1707 5222 1757 5272 349
1776 5239 1843 5274 mac-

214 5306 335 5354 tantesi'
437 5303 483 5354 321
505 5304 618 5352 milexT
722 5303 771 5352 333
792 5305 883 5362 Libyae
897 5302 986 5364 ruma,
1001 5304 1125 5365 pluuiai'
1229 5304 1401 5354 eleonora
1503 5305 1553 5354 326
1571 5308 1749 5368 laetaturlepit
1764 5310 1842 5359 illusa.

214 5389 264 5440 333
283 5405 383 5452 truxque
399 5392 425 5451 Τ,
446 5403 555 5451 moxque
575 5388 653 5438 Musa.
760 5389 808 5438 334
830 5390 993 5437 rulcebuutT
1098 5389 1147 5438 335
1166 5392 1244 5440 musis
1265 5392 1291 5451 Τ,
1312 5393 1378 5438 curis
1399 5391 1478 5440 Musa.
1585 5391 1840 5444 autumnumque.

214 5477 264 5526 340
283 5479 395 5526 reterens
414 5476 502 5536 Mum,
522 5474 564 5523 aed
581 5489 613 5523 ne
631 5477 666 5522 sie
684 5475 781 5536 quidem
799 5489 875 5522 sonae
892 5489 977 5523 cerm
1068 5475 1204 5526 342-343
1222 5491 1307 5526 versae
1319 5491 1386 5524 unua
1397 5475 1544 5525 intercidisse
1555 5478 1651 5527 uidetur
1738 5479 1788 5530 343
1806 5482 1844 5530 la-

214 5563 352 5610 bentemi'
454 5560 503 5610 347
523 5575 578 5608 unm
600 5559 689 5621 Musa,
710 5561 798 5607 uouT
901 5563 1001 5608 mostris
1017 5562 1038 5607 Τ
1141 5560 1191 5610 349
1209 5563 1324 5611 hausisse
1341 5561 1429 5625 Musa„
1450 5563 1588 5610 unxisseT
1691 5561 1737 5611 351
1759 5572 1844 5628 sepet-

214 5653 306 5709 tusque
325 5648 438 5695 ieroui'
541 5646 590 5695 352
610 5647 729 5696 mortibus
748 5646 832 5696 uutT
937 5645 987 5696 355
1006 5647 1091 5696 nullus
1110 5651 1171 5696 tuuc
1189 5646 1299 5698 reddidit
1317 5649 1409 5709 scripsi,
1434 5647 1519 5695 nullus
1537 5651 1599 5695 tune
1616 5647 1698 5696 reddit
1720 5649 1747 5710 T,
1768 5651 1845 5703 nullis

213 5737 268 5784 tum
288 5732 400 5783 redditur
418 5731 496 5784 Mass.

1600 5835 1638 5885 51
