4508 6434
754 408 987 465 IOHANNIDOS
1005 411 1076 466 LlB.
1097 412 1146 466 IV.
1167 411 1201 464 V.
1224 413 1294 476 thJ.

603 607 715 684 sponte
737 599 818 684 petit
840 607 982 666 mortem.
1032 601 1155 686 campis
1178 621 1237 666 sua
1259 602 1352 684 signa
1375 603 1506 683 locavit,

603 709 635 769 et
657 702 754 768 sociis
777 703 824 770 sic
846 703 946 770 fretus
968 704 1026 770 ait.
1078 708 1299 772 ‘contemnere
1321 705 1419 772 vitam

495 851 499 864 .
604 827 659 891 pro
681 806 786 891 patria
808 807 889 874 haee
911 815 960 874 est
981 808 1047 875 vita
1071 808 1186 892 magis.
1233 829 1318 875 mors
1342 811 1414 894 lege
1437 810 1575 875 tonantis

603 911 742 976 humano
764 911 831 978 lata
854 919 903 978 cst
925 912 1052 995 generi,
1083 932 1142 978 nec
1164 913 1317 998 praeterit
1339 914 1450 978 ullum.

604 1035 678 1080 nam
701 1014 810 1080 veniet
832 1035 1020 1098 quocunque
1042 1014 1147 1080 modo.
1195 1015 1253 1081 sed
1275 1016 1385 1081 mortis
1407 1017 1561 1082 honestae

603 1137 747 1184 summus
769 1119 869 1184 honos
892 1138 1098 1203 summusque
1120 1119 1211 1184 favor
1232 1119 1400 1203 dulcisque
1423 1119 1538 1205 cupido
1560 1127 1619 1186 est.

487 1259 489 1264 ·
604 1221 706 1287 hostis
728 1222 837 1304 adest,
865 1221 954 1288 socii.
1002 1222 1149 1306 quotiens
1171 1222 1332 1306 fugiemus
1358 1224 1495 1288 amioum

604 1325 714 1392 Martis
737 1332 839 1412 opus?
881 1326 1027 1410 quotiens
1051 1326 1203 1409 fugitivos
1226 1326 1329 1392 rideat
1353 1328 1454 1394 hostis

603 1429 814 1512 imbellesque
836 1435 948 1515 putet?
991 1450 1074 1495 nunc
1097 1436 1146 1496 est
1167 1437 1324 1515 temptare
1347 1430 1441 1514 quid,
1467 1432 1566 1498 instat

604 1552 688 1599 nunc
709 1532 835 1600 virtutis
858 1553 948 1618 opus.
996 1552 1123 1619 semper
1144 1533 1222 1599 mihi
1244 1535 1373 1618 cognita
1395 1535 1495 1600 virtus

605 1643 727 1718 vestra,
753 1637 831 1718 viri,
845 1656 1047 1721 semperque
1069 1637 1160 1702 fides.
1209 1637 1407 1722 consurgite,
1437 1638 1526 1704 cives

604 1740 754 1824 Romani,
780 1761 836 1826 pro
859 1741 955 1807 laude
978 1741 1041 1826 pii,
1068 1747 1244 1825 gentesque
1267 1742 1421 1826 superbas

496 1867 508 1904 a
605 1844 755 1929 frangite.
791 1845 864 1909 iam
886 1851 1009 1910 tantum
1032 1844 1167 1910 ducibus
1190 1852 1349 1910 removete
1372 1845 1537 1929 pudorem.

604 1949 656 2015 fac
678 1968 737 2013 nos
759 1949 844 2014 velle
867 1948 988 2032 fugam.
1036 1948 1189 2032 fugitivos
1211 1949 1344 2015 conterit
1365 1950 1467 2015 hostis

605 2052 744 2118 feminea
765 2072 849 2118 nunc
871 2059 969 2118 morte
991 2052 1086 2118 viros.
1134 2053 1309 2119 convertite
1332 2061 1470 2136 mentae,

604 2162 637 2221 ct
657 2156 768 2240 procul
790 2177 810 2220 a
831 2155 947 2221 nostris
970 2155 1114 2222 discedat
1136 2155 1275 2222 dedecus
1297 2157 1428 2222 umbris.

604 2281 623 2325 o
645 2259 766 2325 utinam
789 2259 876 2324 ferus
897 2260 954 2325 ille
976 2259 1056 2324 meis
1079 2265 1258 2325 occurreret
1278 2260 1376 2325 armis

604 2383 689 2429 nunc
712 2363 850 2444 Stutias,
877 2363 1046 2448 ipsumque
1068 2362 1147 2428 mihi
1169 2363 1295 2429 fortuna
1317 2363 1473 2430 dedisset!

604 2473 661 2533 aut
682 2467 777 2532 simul
800 2467 924 2532 alterno
946 2466 1126 2552 patuissent
1147 2473 1276 2551 pectora
1297 2467 1398 2549 feno,

605 2578 638 2637 et
659 2576 786 2655 raperet
806 2570 871 2635 fors
893 2591 994 2636 saeva
1016 2570 1113 2652 duos,
1140 2577 1195 2636 aut
1217 2589 1331 2656 corpus
1353 2571 1475 2637 arundo

605 2675 737 2740 vnlnere
760 2673 850 2740 letali
872 2673 996 2739 fixisset
1018 2692 1117 2739 saeva
1138 2674 1277 2758 tyranni.

606 2779 658 2843 vel
681 2797 804 2842 mecum
827 2776 963 2862 pariter,
990 2777 1018 2843 si
1041 2777 1087 2843 sic
1108 2797 1181 2842 mea
1202 2777 1270 2844 fata
1291 2778 1467 2862 minantur,

480 2905 510 2944 ns
606 2881 737 2947 crimine
760 2881 864 2946 civilis
886 2887 996 2947 careat
1016 2901 1068 2946 res
1091 2881 1221 2966 publica
1241 2881 1348 2948 belli'.

693 2983 768 3049 dum
791 2992 898 3050 monet
919 2983 975 3050 illc
998 2984 1102 3064 viros,
1128 2984 1266 3050 inimicis
1287 2985 1433 3070 improba
1455 2985 1556 3070 signis

607 3108 680 3154 ecce
702 3087 789 3153 acies
811 3087 957 3171 Massyla
978 3087 1058 3166 ruit,
1085 3087 1227 3173 ripisque
1249 3089 1417 3174 propinqui

606 3192 746 3258 fluminis
768 3197 836 3258 arte
859 3190 925 3257 doli
947 3191 1042 3275 longo
1065 3191 1154 3258 stetit
1175 3191 1286 3257 ordine
1308 3198 1445 3277 compta.

605 3303 682 3362 tunc
702 3295 840 3381 primum
862 3295 1009 3360 volucres
1031 3315 1173 3380 pugnam
1196 3316 1323 3362 movere
1346 3296 1496 3381 sagittae.

607 3399 706 3485 impia
728 3406 867 3484 pennato
889 3397 1030 3482 figuntur
1051 3418 1185 3484 corpora
1206 3398 1300 3464 ferro.
1447 3467 1448 3470 ,

607 3511 696 3570 tram
718 3502 850 3568 fluvium
872 3502 991 3568 cedens
1014 3501 1102 3568 acies
1123 3502 1254 3568 inimica
1275 3509 1446 3568 retrorsum

607 3607 697 3673 flexit
719 3625 829 3689 equos.
877 3604 1033 3689 sequitur,
1060 3605 1169 3671 densis
1192 3611 1224 3672 ct
1245 3605 1377 3671 flumina
1397 3606 1471 3672 telis

607 3709 783 3797 perrumpit
804 3709 935 3775 levitate
957 3727 1025 3774 sua.
1073 3729 1139 3774 non
1161 3709 1217 3774 ille
1239 3709 1394 3794 periclum

607 3835 671 3880 non
692 3819 825 3879 mortem
848 3819 994 3878 metuens
1016 3812 1078 3878 iter
1099 3811 1301 3878 irremeabile
1323 3813 1454 3896 transit,

499 3969 503 3982 .
606 3916 793 4000 invaditque
815 3916 919 3998 viros,
945 3916 1046 3982 veluti
1068 3923 1210 3982 vastator
1232 3916 1367 3982 acerbus

602 4019 763 4105 ¹diripiens
784 4026 929 4085 armenta
950 4019 1001 4084 leo
1023 4026 1195 4102 taurosque
1218 4019 1341 4085 feroces

607 4126 693 4190 hunc
714 4124 824 4209 fugat,
849 4124 934 4189 huno
956 4130 1084 4189 mactat.
1133 4123 1230 4188 currit
1251 4122 1416 4207 dispersus
1439 4123 1556 4206 ubique

608 4249 687 4314 grex
705 4228 858 4316 pavitans
881 4233 1053 4313 pastorque
1076 4227 1186 4310 fugax.
1234 4226 1311 4292 furit
1332 4226 1388 4292 ille
1411 4226 1550 4292 omentis

609 4333 758 4399 dentibus
781 4338 813 4398 et
834 4332 917 4396 latos
940 4330 1060 4413 frangit
1081 4329 1267 4412 manditque
1291 4350 1348 4415 per
1369 4349 1474 4414 agros.

483 4465 495 4501 s
608 4436 770 4519 Massylas
791 4435 879 4500 acies
903 4434 949 4500 sic
971 4434 1036 4499 dux
1059 4433 1175 4500 virtute
1198 4433 1358 4499 lohannes

608 4540 758 4606 turbabat
780 4538 894 4604 mediis
916 4544 1122 4623 prosternens
1144 4536 1258 4602 funera
1280 4537 1411 4622 campis.

608 4644 692 4709 hunc
714 4641 839 4708 imitata
861 4642 973 4707 cohors
995 4641 1114 4725 gladiis
1136 4640 1275 4724 fugitiva
1297 4649 1470 4725 perurguet

608 4746 739 4832 agmina
760 4746 985 4812 transfodiens.
1033 4745 1121 4810 volat
1140 4745 1256 4828 igneus
1278 4764 1416 4827 aequore
1438 4750 1502 4811 toto

609 4871 681 4917 cum
704 4850 800 4915 sociis
822 4849 888 4914 dux
909 4849 979 4934 ipse
1003 4848 1113 4913 furens
1135 4849 1327 4931 Maurosque
1350 4847 1484 4931 fugaces

483 5005 488 5018 .
609 4953 812 5041 persequitur
833 4973 892 5020 ceu
914 4953 1015 5018 victor
1036 4971 1146 5018 ovans.
1194 4951 1258 5016 iam
1281 4950 1438 5034 sanguine
1460 4952 1560 5017 multo

608 5079 698 5125 arma
720 5059 834 5124 calent.
883 5057 1013 5122 rubrum
1035 5063 1142 5140 gestat
1162 5055 1227 5121 iam
1251 5055 1384 5120 dextera
1405 5054 1524 5120 ferrum

609 5183 740 5250 pugnax
763 5161 874 5227 militis
897 5167 993 5243 atque
1016 5159 1119 5225 ducis.
1167 5180 1224 5244 pro
1248 5158 1342 5224 sortis
1364 5157 1494 5240 iniquae

609 5267 700 5334 triste
723 5267 830 5332 nefas!
858 5286 877 5330 o
899 5264 1021 5349 grande
1044 5265 1180 5329 malum!
1208 5263 1273 5328 iam
1295 5269 1437 5328 cesserat
1459 5262 1558 5328 hostis

610 5371 729 5454 victus,
757 5377 789 5436 et
810 5370 966 5436 adversas
990 5367 1111 5454 passim
1134 5387 1192 5453 per
1213 5373 1306 5452 prata
1327 5373 1474 5434 catervas

296 5584 342 5633 111
363 5587 439 5633 sotios
459 5585 480 5631 Τ
598 5583 749 5634 trumonis
772 5583 793 5629 Τ
908 5580 952 5629 121
973 5581 1053 5627 instar
1075 5577 1095 5624 T
1211 5574 1259 5626 128
1277 5577 1380 5626 dedlcns
1400 5577 1421 5624 T
1538 5575 1582 5625 131
1604 5578 1679 5624 simul
1698 5577 1784 5640 Belca,
1806 5593 1847 5625 se-

225 5671 276 5718 mul
299 5673 326 5732 Τ,
348 5672 424 5720 semel
444 5671 520 5720 Moza
641 5670 688 5718 136
708 5675 792 5718 mouet
808 5669 847 5715 uel
865 5672 949 5716 monet
971 5667 998 5725 Τ,
1019 5669 1103 5713 mouet
1120 5665 1177 5724 leqft
1196 5662 1275 5712 Mosa.
1391 5662 1438 5711 137
1459 5664 1568 5712 masnillo
1591 5663 1611 5710 Τ
1724 5661 1771 5710 113
1790 5677 1847 5726 pcr-

225 5758 319 5820 rumpit
337 5757 422 5818 Belua,
443 5759 582 5820 prorumpit
604 5758 624 5804 Τ
729 5755 775 5805 153
794 5756 865 5802 tuuita
886 5754 906 5800 Τ
1009 5753 1096 5812 gladlis
1114 5752 1201 5811 Raida,
1222 5750 1319 5810 gelidus
1340 5750 1369 5807 T,
1389 5751 1478 5809 ingane
1497 5748 1575 5799 Musa.

303 5857 423 5898 Comus.
1626 5854 1642 5902 o
