4546 6420
430 392 543 457 XVIII
1131 389 1360 446 PROOEMIVM.

433 615 579 696 videtur,
614 617 692 694 544,
726 633 798 679 cum
831 613 964 696 Sergius
994 614 1149 679 auxilium
1179 613 1336 697 petiturus
1365 612 1409 678 ad
1433 613 1634 678 Salomonem
1665 620 1814 697 patruum
1838 611 2069 696 Carthaginem

435 733 597 818 profectus
620 739 723 814 essct,
756 735 1001 817 Laguantenses
1031 753 1206 818 permagno
1235 733 1377 798 exercitu
1400 732 1632 817 Tripolitanum
1655 731 1851 818 provinciam
1874 731 2071 814 transgressi

436 853 612 937 Byzacium
636 853 808 936 petierunt,
835 853 891 920 ubi
914 853 1035 918 socium
1058 853 1137 918 belli
1158 859 1321 937 potentem
1344 853 1544 918 invenerunt.
1593 853 1729 918 Antalas
1752 853 1848 933 enim,
1877 852 1934 936 qui
1956 851 2069 918 decem

437 993 495 1058 per·
517 991 619 1038 annos
642 973 794 1038 Romanis
818 972 915 1038 fidem
938 979 1141 1052 servaverat,
1172 979 1248 1038 tunc
1271 972 1435 1039 Solomoni
1459 973 1687 1056 succensebat,
1721 973 1841 1058 qnippe
1870 972 1925 1056 qui
1947 978 1980 1038 et
2001 971 2071 1036 fra-

436 1099 517 1158 trem
548 1093 619 1158 eius
642 1092 840 1158 Guarizilam
871 1093 1027 1158 tumultus
1056 1092 1225 1158 cuiusdam
1253 1091 1288 1157 in
1310 1092 1450 1176 Byzacio
1480 1093 1582 1158 exorti
1611 1101 1772 1159 auctorem
1804 1091 1962 1178 supplicio
1987 1092 2071 1156 alle-

438 1213 579 1297 cissetlfl
607 1221 640 1278 et
660 1212 725 1298 ipsi
747 1233 880 1278 munera
902 1212 1089 1292 sollemnia,
1122 1231 1205 1295 quae
1228 1212 1269 1277 ab
1292 1211 1421 1278 Africae
1443 1211 1607 1298 praefecto
1629 1213 1775 1298 accipere
1799 1220 1984 1294 consuerat,
2017 1233 2072 1276 re-

439 1340 596 1398 cusasset.
644 1333 716 1412 Qua
746 1353 779 1398 re
810 1333 923 1398 castris
950 1352 1021 1398 cum
1044 1331 1327 1416 Laguantensihus
1350 1332 1467 1397 iunctis
1489 1339 1564 1398 tuno
1586 1333 1705 1398 Antala
1728 1332 1809 1399 duce
1832 1333 1936 1398 Mauri
1957 1351 2071 1397 omnes

438 1453 600 1538 Byzaceni
630 1453 802 1538 provinciis
824 1453 978 1519 Romanis
1005 1452 1126 1518 bellum
1157 1452 1343 1518 intulerunt.
1391 1453 1495 1518 Tanto
1526 1453 1630 1518 subito
1652 1453 1796 1538 periculo
1817 1452 1987 1536 ingruente
2010 1451 2073 1516 So-

404 1609 405 1614 *
438 1574 522 1638 lomo
544 1573 702 1657 quidquid
723 1573 876 1638 Romanis
898 1573 932 1638 iu
954 1573 1064 1638 Africa
1086 1573 1201 1637 virium
1224 1579 1309 1652 erat,
1343 1572 1377 1637 in
1403 1593 1501 1638 unum
1525 1572 1678 1656 colligere
1701 1573 1875 1638 contendit.
1922 1573 1969 1637 Αο
1991 1572 2072 1636 Pro-

439 1694 551 1778 copius
584 1693 715 1778 quidem
745 1693 927 1759 Solomonis
960 1700 1084 1759 tantum
1118 1693 1226 1756 fratris
1259 1692 1359 1774 filios,
1396 1692 1545 1775 Sergium
1576 1701 1608 1758 et
1638 1693 1756 1778 Cyrum
1787 1693 2007 1778 Tripolitanae
2039 1699 2073 1756 et

439 1813 705 1898 Pentapolitanac
728 1813 911 1898 praesides,
942 1819 1056 1897 patruo
1079 1811 1224 1878 adfuisse
1246 1819 1413 1878 memorat.
1461 1812 1527 1877 Sed
1549 1821 1663 1896 gentes
1687 1813 1783 1878 etiam
1807 1813 1967 1877 llauricas
1989 1832 2073 1877 non-

437 1933 546 1998 nullas
575 1933 777 2000 Solomonem
800 1932 964 1999 adiuvisse
987 1952 1005 1997 e
1028 1931 1159 2017 Corippi
1182 1931 1378 1998 Iohannidos
1400 1932 1448 1996 lll
1474 1937 1643 1996 los-412
1667 1933 1831 1998 discimus.

802 2061 834 2119 et
854 2053 918 2118 ruit
940 2071 1014 2117 ecce
1038 2053 1168 2134 volans,
1195 2072 1298 2133 aequo
1321 2072 1384 2117 non
1406 2053 1508 2118 Marte
1532 2061 1678 2136 coactus,

799 2156 983 2221 hlaurorum
1008 2154 1138 2234 ductor,
1163 2154 1274 2220 miseri
1296 2153 1475 2220 Solomonis
1498 2155 1620 2220 amicus

800 2258 953 2324 Romanis
976 2258 1072 2322 rebus
1094 2257 1227 2322 nimium
1252 2277 1441 2342 semperque
1464 2258 1570 2323 tidelis

800 2361 920 2427 Cusina
942 2360 1167 2425 Mastracianis
1191 2380 1298 2424 secum
1322 2360 1445 2425 viribus
1466 2361 1595 2445 iugens.

800 2464 854 2546 qui
876 2463 1016 2548 Tripolis
1039 2471 1114 2528 tunc
1138 2462 1249 2528 ductor
1272 2471 1356 2542 erat,
1384 2465 1533 2529 convenit
1555 2471 1587 2530 et
1608 2464 1717 2529 audax

800 2567 970 2649 Pelagium
999 2566 1056 2631 sed
1079 2565 1218 2649 gentiles
1241 2565 1401 2647 durosque
1424 2567 1565 2632 Mecales

800 2687 908 2734 secum
932 2669 974 2733 ad
997 2669 1084 2733 bella
1107 2668 1237 2732 trahens
1261 2667 1358 2732 fessis
1380 2687 1444 2733 non
1466 2669 1588 2734 viribus
1610 2670 1689 2736 ibat.

799 2770 944 2836 Ifuraces
967 2769 1058 2836 fictos
1081 2771 1224 2855 suscepit
1245 2771 1374 2835 nescius
1397 2771 1475 2836 artis
1484 2774 1534 2854 ⁸⁰).

437 2891 606 2975 Pelagium
629 2891 737 2976 igitur,
763 2892 818 2977 qui
833 2891 945 2975 Sergio
968 2891 1049 2956 duce
1072 2891 1206 2956 absente
1229 2890 1322 2956 limiti
1341 2889 1541 2975 Tripolitano
1556 2892 1736 2976 praefuisse
1750 2893 1889 2976 videtur,
1915 2893 2069 2971 Mecales,

437 3011 541 3095 Syrtis
557 3011 688 3076 minoris
703 3012 845 3091 accolae,
865 3019 898 3076 et
911 3010 1068 3092 Ifuraces,
1086 3011 1225 3096 populus
1241 3011 1344 3094 Syrtis
1360 3011 1499 3092 maioris,
1526 3013 1754 3095 sequebantur,
1792 3015 1963 3081 Praeterea
1978 3015 2073 3079 Mau-

435 3151 540 3196 rorum
563 3131 695 3215 regulus
717 3131 756 3211 is,
783 3151 878 3214 quem
894 3131 1046 3196 Romanis
1069 3131 1258 3194 fidissimum
1274 3130 1469 3196 Iohannidos
1492 3132 1571 3197 locis
1593 3133 1703 3198 multis
1719 3133 1876 3219 Corippus
1891 3134 2069 3218 praedicat,

438 3251 559 3316 Cusina
575 3251 738 3316 Solomoni
761 3250 876 3316 adfuit.
917 3251 1057 3317 Cusinae
1073 3259 1201 3334 gentem
1217 3251 1354 3334 primum
1368 3251 1402 3314 in
1418 3251 1558 3334 Byzacio
1573 3253 1747 3336 habitasse,
1773 3253 1891 3320 deinde
1906 3274 1990 3319 anno
2007 3259 2071 3320 535

346 3407 348 3411 ·
438 3393 459 3436 a
473 3372 642 3438 Solomone
658 3374 784 3456 pulsam
799 3371 842 3437 ad
857 3372 1003 3454 laudam,
1021 3371 1150 3435 Aurasii
1165 3371 1280 3435 montis
1295 3390 1415 3453 regem,
1434 3371 1618 3454 confugisse
1634 3373 1807 3459 Procopius
1821 3378 1992 3458 narratffl).
2032 3375 2071 3438 ln

436 3491 599 3556 radicibus
621 3492 721 3575 igitur
743 3490 1045 3576 septentrionalibus
1067 3491 1163 3555 huius
1185 3490 1312 3572 montis,
1337 3490 1370 3554 in
1392 3491 1524 3575 regione
1543 3492 1784 3576 Tamagadensi
1806 3496 1858 3560 vel
1880 3494 2073 3559 Lambaesi-

438 3619 515 3676 tana
530 3611 671 3677 Cusinae
694 3610 811 3677 exinde
834 3611 989 3694 populum
1004 3610 1298 3694 Mastracianumffl)
1327 3611 1422 3676 sedes
1444 3610 1597 3676 habuisse
1621 3612 1777 3696 suspicari
1800 3614 1884 3680 licet.
1929 3614 2072 3680 Cusinac

527 3905 567 3964 79)
590 3905 645 3954 Cor.
666 3905 720 3953 loh.
740 3903 816 3953 1128
835 3905 931 3965 primus
950 3905 1001 3952 init
1019 3906 1125 3962 bellum,
1146 3905 1256 3953 fraterna
1274 3911 1353 3954 morte
1372 3913 1470 3954 coactus
1493 3909 1625 3968 (dotales).

709 3991 747 4038 lll
767 3989 817 4040 384
835 3991 875 4038 hio
893 3991 977 4038 fratris
996 3999 1101 4039 mortem
1119 4004 1238 4038 concussa
1257 3997 1341 4039 ments
1360 3991 1467 4040 dolebat.

710 4077 746 4123 lV
765 4077 815 4126 acl
1230 4078 1387 4140 respublica
1406 4087 1472 4125 certe

729 4219 735 4234 Ι
835 4165 884 4212 lida
902 4165 972 4212 satis.
1011 4164 1163 4224 sanguisque
1182 4170 1258 4223 tuus,
1278 4176 1409 4224 germane,
1430 4163 1536 4221 fatetur,

835 4248 974 4308 Guarizlla,
996 4249 1067 4296 ducis
1086 4251 1157 4296 iussu
1175 4250 1219 4310 qui
1237 4251 1310 4297 fusus
1329 4250 1412 4311 iniqui
1431 4257 1479 4298 est.

527 4351 567 4411 80)
589 4351 739 4401 Iohannldos
758 4352 801 4399 hos
821 4366 908 4400 versus
927 4365 1012 4399 vereor
1030 4365 1062 4398 ne
1081 4365 1168 4412 parum
1183 4352 1342 4400 intellexerit
1361 4352 1472 4400 Taurier
1491 4353 1640 4401 Notice'snr
1659 4353 1765 4416 Gorippe
1784 4361 1809 4402 et
1828 4369 1870 4402 sur
1888 4355 1912 4402 la
1930 4355 2071 4404 lohannide

442 4437 503 4486 Rev.
524 4437 579 4486 Alr.
599 4438 648 4485 XX
670 4436 735 4488 1876
752 4451 779 4499 p.
795 4437 853 4488 295.
876 4427 1189 4498 dominicanorum
1208 4438 1375 4486 uenationem
1394 4439 1443 4485 sibi
1462 4441 1549 4486 duxlt:
1573 4437 1689 4488 Salomon
1707 4453 1734 4488 se
1752 4447 1821 4502 porta
1839 4454 1882 4489 sur
1899 4437 2018 4490 l'enrremi
2036 4457 2069 4491 en

441 4525 573 4586 appellant
590 4526 605 4571 l
622 4525 659 4572 lui
677 4523 825 4584 Coutziuas,
852 4524 970 4572 chaldea
989 4523 1126 4572 Mestrelrea
1144 4531 1170 4572 et
1188 4523 1362 4572 commendant
1381 4523 1425 4571 des
1443 4524 1576 4586 indigenas
1594 4526 1690 4574 sederes
1708 4526 1740 4576 de
1757 4524 1860 4584 l'onest,
1887 4528 1953 4576 ainsi
1978 4541 2027 4590 qne
2046 4529 2071 4576 le

440 4610 489 4658 duo
513 4611 544 4658 de
568 4609 593 4657 la
611 4610 775 4671 Tripolitaine
793 4610 920 4670 Pelagius.
959 4611 995 4659 La
1019 4611 1189 4658 render-vous
1214 4611 1276 4657 ctalt
1298 4612 1312 4657 l
1331 4609 1464 4658 Theveste.
1503 4611 1618 4670 Pelagius
1643 4620 1760 4660 scoourut
1778 4615 1792 4659 h
1810 4627 1851 4661 ses
1868 4615 1967 4674 ordres;
1995 4617 2067 4673 mais,

441 4695 509 4742 serre
526 4695 557 4742 de
575 4695 632 4757 pres
650 4709 693 4756 per
711 4695 748 4743 les
766 4695 882 4755 Mecales,
904 4697 971 4744 tribu
990 4697 1021 4743 de
1037 4696 1062 4742 la
1081 4696 1253 4757 Tripolitaine.
1275 4695 1296 4742 ll
1314 4709 1341 4743 se
1359 4695 1435 4743 laissa
1452 4696 1558 4758 prendre
1577 4697 1639 4745 dens
1658 4711 1707 4745 nne
1726 4699 1873 4747 embnscade
1892 4707 1918 4748 et
1930 4700 1997 4760 perit
2008 4715 2070 4748 auec

438 4787 494 4829 tous
512 4780 548 4828 les
567 4781 645 4829 siens.
681 4780 817 4830 Containas
834 4781 865 4829 de
885 4796 928 4830 son
947 4778 1004 4829 cdtc'
1020 4784 1061 4829 fut
1078 4783 1146 4828 aussi
1165 4783 1236 4829 battn
1256 4795 1287 4828 en
1307 4787 1379 4830 route
1397 4789 1422 4830 et
1441 4771 1543 4830 n'arriva
1562 4784 1650 4845 nuptis
1668 4785 1698 4831 de
1718 4783 1834 4832 Salomon
1852 4781 1954 4846 qu'asec
1971 4786 2001 4834 de
2020 4787 2070 4834 fai-

441 4868 496 4915 bles
514 4867 598 4916 debris
616 4867 646 4914 de
666 4881 692 4915 sa
710 4875 806 4929 canpe.

526 4968 567 5031 81)
589 4969 659 5018 Proc.
680 4972 705 5020 b.
726 4971 808 5019 Vand.
830 4971 854 5018 ll
876 4969 906 5019 lo
925 4975 1042 5030 quattuor
1060 4969 1202 5019 Maurorum
1220 4971 1308 5032 duces,
1329 4972 1468 5033 Cutinam,
1491 4971 1643 5032 Esdilasam,
1665 4972 1832 5035 luphruthem
1851 4978 1877 5020 et
1895 4971 2068 5020 Medlslnisam

440 5057 564 5117 nominet,
586 5058 629 5118 qul
648 5071 669 5105 a.
691 5056 741 5105 535
759 5058 841 5105 tribus
859 5056 960 5117 proeliis
978 5070 1034 5104 cum
1054 5057 1219 5106 Romanorum
1236 5060 1349 5106 exercitu
1367 5059 1394 5106 in
1413 5057 1517 5118 Byzacio
1535 5063 1717 5106 concertarent.
1756 5059 1784 5106 ln
1803 5064 1888 5108 monte
1907 5059 2070 5119 Burgacnea

439 5142 570 5192 Solomone
589 5143 649 5190 victl
668 5142 694 5190 hl
713 5143 790 5190 duces
808 5155 894 5191 omnes
912 5149 1012 5204 praeter
1028 5143 1175 5204 Esdllasam,
1196 5144 1240 5205 qui
1258 5145 1313 5205 ipse
1332 5145 1450 5192 Romanis
1469 5159 1495 5192 se
1514 5143 1619 5204 dedidit,
1640 5145 1792 5204 effugerunt.
1824 5143 1952 5194 11121111.
1973 5143 2002 5194 τὸ
2021 5144 2069 5211 μὲν

438 5224 482 5278 οὖν
499 5220 639 5293 Ῥωμαίων
658 5225 801 5295 στράτευμα
820 5224 862 5286 ξύν
880 5244 907 5277 τε
925 5225 957 5298 τῇ
975 5225 1147 5296 balgenciaci
1165 5223 1301 5298 Ἐσῦιλάοᾳ
1319 5228 1346 5285 ἐς
1364 5223 1522 5299 Καρχηδόνα
1541 5227 1697 5297 labbaeana,
1722 5235 1773 5280 τῶν
1799 5225 1826 5281 δὲ
1846 5225 1980 5300 βαρβάρων
2000 5227 2069 5287 ὅσοις

438 5311 475 5381 μὴ
494 5309 657 5365 ἀπολωλέναι
675 5311 850 5381 ξυμβέβηκεν,
876 5311 902 5364 la
922 5309 1042 5382 Βυζοιὶῳ
1061 5313 1107 5380 μὲν
1127 5311 1242 5384 ἱδρῦσθαι
1260 5312 1371 5366 ἀδύνατα
1390 5313 1472 5366 ἐδόκει
1492 5313 1569 5379 sisar,
1598 5314 1667 5372 ὅπως
1693 5313 1730 5383 μή
1752 5312 1831 5385 ὀλίγοι
1850 5313 1920 5372 ὄντες
1939 5314 2001 5384 πρὸς
2019 5313 2069 5367 Ar—

438 5397 506 5466 flbma
524 5405 575 5450 τῶν
594 5397 663 5468 σφίσι
682 5396 783 5468 ὁμόρων
802 5397 946 5466 βιάζωνται.
985 5397 1027 5458 ξὺν
1053 5395 1081 5449 δὲ
1098 5397 1210 5471 ’,ἄρχουσι
1233 5404 1287 5458 τοῖς
1312 5399 1441 5471 σφετέροις
1466 5400 1501 5460 εἰς
1521 5397 1662 5469 Ncoprblca
1686 5398 1838 5470 ἀφικόμενοι
1858 5399 1939 5452 laires
1956 5398 2070 5470 placarat

438 5481 533 5554 Ἰάβδᾳ,
555 5483 582 5542 ὃς
600 5491 651 5536 τῶν
670 5482 696 5536 ἐν
716 5480 834 5552 Adpncirp
854 5479 1024 5552 Μαυρουσίων
1043 5482 1117 5555 ἦρχε.

525 5586 567 5650 82)
587 5587 684 5636 Nomen
706 5589 792 5650 gentis
810 5589 840 5636 ab
859 5588 915 5635 aliis
934 5588 1095 5649 scriptoribus
1115 5602 1165 5636 non
1183 5593 1347 5650 memoratum
1365 5603 1416 5638 uno
1434 5596 1531 5638 tantum
1551 5589 1701 5638 lohannidos
1721 5605 1811 5650 versu,
1839 5591 1912 5638 cuins
1930 5589 2004 5638 lectio
2023 5604 2069 5652 pa-

437 5688 494 5724 rum
513 5681 580 5723 certa
597 5673 705 5756 uidetur2
727 5677 851 5761 οἷοιιτοῐίῐ.ζ
879 5712 888 5762 3
