4576 6428
615 367 715 421 runs.
736 366 994 422 ru‘uuuurrcsn
1013 368 1041 422 11
1060 370 1072 434 ι·
1092 371 1191 418 :rr-ro
1213 368 1292 430 <110-
1317 371 1434 433 ιιι-ιιι.
1709 337 1711 342 Χ
1787 369 1827 432 23

164 565 166 572 ’
212 555 294 638 legis
316 575 387 620 cum
406 556 562 623 adiutorio
586 557 639 623 dei
661 558 844 622 nullatenus
866 556 1028 622 declinare
1051 558 1103 623 vel
1126 558 1248 640 lugere,
1275 557 1333 624 sed
1356 558 1424 624 sine
1447 559 1666 625 univcrsitatis
1687 558 1828 624 adsensu

210 677 268 724 nos
291 679 354 722 non
377 660 495 726 debere
517 659 718 727 adserendae
741 659 816 725 lidei
838 667 964 726 nostrae
988 679 1102 726 causas
1124 660 1305 727 adsumere.
1352 661 1444 739 Quod
1466 661 1603 746 petimus
1625 667 1660 727 ut
1681 660 1830 744 benigni-

210 767 293 844 tate,
320 782 383 844 qua
405 770 512 829 tantus
534 771 598 845 est,
626 770 657 829 et
679 762 802 829 iustitia
825 763 1001 848 sapientiae
1024 783 1102 828 suae
1125 764 1275 848 dignetur
1296 766 1461 830 annuere’.
1508 765 1595 830 Data
1615 764 1656 830 ab
1685 761 1830 849 Eugeuio

212 865 360 950 episcopo
383 867 539 933 ecclesiae
562 867 737 934 catholicae
761 867 978 951 Carthaginis.

180 1003 192 1041 ὁ
298 986 368 1052 XV.
395 985 461 1052 Sed
483 1007 554 1052 cum
577 987 657 1052 haec
680 987 843 1070 suggestio
867 1008 887 1052 a
907 988 1001 1054 beato
1024 985 1169 1070 Eugenio
1192 988 1374 1070 offerretur,
1400 987 1457 1052 ille
1477 986 1542 1051 iarn
1558 986 1619 1069 qui
1642 991 1831 1071 conceperat
1855 985 1896 1046 43

212 1088 364 1172 dolorem,
391 1091 587 1173 urguebatur
607 1091 806 1174 iniquitatem
829 1092 959 1175 gravius
981 1091 1153 1176 parturire;
1180 1097 1212 1156 et
1232 1091 1278 1156 ita
1300 1098 1410 1156 sancto
1433 1089 1500 1156 viro
1514 1089 1660 1173 Eugenio
1681 1088 1830 1174 episeopo
1951 1077 1954 1085 ¹

212 1211 270 1274 per
291 1191 436 1259 Obadum
459 1194 675 1279 praepositum
703 1195 795 1277 regni
824 1195 874 1260 sui
903 1193 1074 1260 mandasse
1104 1193 1246 1260 videtur:
1280 1194 1382 1259 subde
1412 1193 1490 1258 milri
1517 1193 1699 1258 universum
1723 1192 1830 1258 orbem

212 1303 378 1378 terrarum,
403 1303 439 1360 ιιι
461 1295 520 1362 sub
542 1303 700 1382 potestate
723 1319 795 1364 mea
816 1304 902 1363 totus
925 1297 1062 1362 muudus
1084 1297 1259 1381 redigatur,
1285 1303 1317 1362 et
1339 1296 1437 1376 facio,
1464 1295 1604 1379 Eugeni,
1630 1294 1716 1378 quod
1737 1293 1829 1360 dicis.

212 1396 264 1462 Ad
278 1399 363 1482 quod
385 1401 498 1466 beatus
521 1401 686 1484 Eugenius
708 1401 881 1487 respoudit,
906 1408 941 1468 ut
963 1401 1082 1486 potuit:
1109 1401 1201 1482 Quod
1223 1401 1388 1482 rationem,
1413 1400 1525 1485 inquit,
1551 1399 1742 1480 nonhabet,
1768 1397 1832 1463 dici

165 1518 193 1558 ιο
212 1520 275 1566 uon
305 1502 425 1568 debuit.
474 1503 528 1569 Sic
557 1511 606 1570 est
635 1504 694 1571 hoc
716 1505 873 1589 quomodo
903 1505 930 1570 si
961 1504 1084 1571 dicatur
1108 1504 1246 1586 homini,
1279 1511 1314 1570 nt
1335 1525 1393 1588 per
1414 1509 1491 1570 aera
1513 1502 1634 1569 feratur
1655 1508 1688 1568 et
1708 1501 1829 1584 volitet,

214 1605 298 1686 quod
313 1607 411 1672 moris
425 1628 489 1673 non
513 1616 562 1674 est
583 1608 742 1674 humanae
764 1616 907 1674 naturae.
948 1609 1024 1673 Dixi
1046 1607 1141 1690 enirn,
1168 1607 1196 1672 si
1218 1614 1357 1673 nostram
1380 1605 1487 1691 fidem,
1513 1626 1595 1690 quae
1617 1625 1682 1671 una
1703 1611 1736 1672 ct
1756 1623 1834 1670 vera

213 1715 271 1790 est,
297 1717 441 1794 potestas
462 1712 549 1796 regis
572 1711 956 1796 cognoscere'desidcrat,
983 1712 1086 1778 mittat
1107 1711 1150 1778 ad
1171 1711 1291 1777 amicos
1313 1729 1404 1776 suos:
1431 1709 1568 1776 scribam
1590 1714 1623 1775 et
1644 1728 1704 1793 ego
1726 1707 1834 1774 fratri-

214 1813 273 1878 bus
304 1815 401 1896 meis,
436 1822 470 1881 ut
498 1816 628 1882 veniant
656 1815 837 1901 coepiscopi
868 1817 948 1897 mei,
980 1816 1036 1898 qui
1057 1815 1147 1881 vobis
1169 1815 1332 1881 uobiscum
1356 1833 1553 1880 communem
1574 1811 1670 1879 fidem
1692 1818 1832 1878 nostram

214 1918 345 1982 valeant
366 1919 598 2001 demonstrare,
633 1928 665 1985 et
685 1920 856 2005 praecipue
878 1920 1017 1985 ecclesia
1039 1920 1198 2002 Romana,
1224 1939 1306 2002 quae
1329 1925 1426 2003 caput
1446 1924 1496 1984 est
1517 1916 1658 1983 omnium
1679 1915 1834 1983 ecclesiu-

166 2035 195 2076 1⁵
214 2040 293 2084 ruur.
341 2021 392 2086 Ad
420 2022 501 2087 haec
530 2021 677 2088 Obadus:
711 2043 789 2105 ergo
818 2030 851 2087 tu
882 2029 914 2088 et
935 2023 1071 2087 domnus
1100 2040 1190 2089 meus
1212 2043 1269 2088 rex
1292 2022 1413 2088 similes
1436 2019 1534 2088 estis‘l
1577 2018 1742 2103 Eugenius
1763 2018 1833 2104 epi·
1858 2019 1899 2079 44

214 2143 329 2208 scopus
344 2124 442 2191 dixit:
470 2145 530 2209 ego
544 2146 607 2191 non
623 2145 693 2190 sum
708 2125 822 2190 similis
847 2126 944 2208 regis,
970 2125 1028 2191 sed
1047 2125 1131 2189 dixi:
1159 2124 1187 2190 si
1209 2145 1317 2192 veram
1339 2143 1531 2209 cognoscere
1546 2121 1709 2189 desiderat
1722 2120 1829 2206 iidem,

215 2227 333 2294 scribat
362 2229 473 2294 amicis
502 2229 569 2294 suis
598 2237 633 2294 ut
655 2229 796 2313 dirigant
817 2236 940 2295 nostros
963 2229 1136 2295 catholicos
1158 2229 1341 2314 episcopos,
1375 2235 1408 2295 et
1428 2248 1489 2312 ego
1512 2227 1615 2294 scribo
1637 2223 1834 2310 coepiscopis

213 2329 311 2414 meis,
346 2332 422 2414 quia
447 2334 623 2399 catholicae
646 2333 815 2399 universae
839 2354 902 2398 una
924 2339 973 2398 est
995 2351 1104 2398 causa.
1150 2333 1219 2398 Hoc
1240 2333 1359 2416 agebat
1379 2331 1562 2416 Eugenius,
1593 2350 1657 2397 non
1678 2327 1755 2412 quia
1776 2327 1834 2394 de-

214 2441 323 2499 essent
341 2435 375 2500 in
398 2435 508 2501 Africa
530 2437 585 2519 qui
607 2437 862 2502 adversariorum
884 2437 1009 2501 obiecta
1032 2435 1226 2519 refellerent,
1253 2434 1311 2502 sed
1332 2443 1368 2503 ut
1388 2435 1438 2502 illi
1459 2435 1634 2518 venissent,
1658 2433 1713 2518 qui
1734 2431 1834 2498 alieni

164 2551 194 2593 ιο
214 2536 255 2600 ab
289 2557 398 2602 eorum
432 2538 595 2620 dominatu
628 2539 780 2604 maiorem
813 2538 963 2604 fiduciam
1001 2539 1159 2605 libertatis
1191 2539 1361 2623 haberent,
1400 2538 1583 2625 pariterque
1619 2535 1835 2622 oppressionis

214 2647 340 2706 nostrae
363 2641 541 2706 calumnias
563 2642 720 2708 uniuersis
742 2642 835 2708 terris
858 2649 890 2708 ct
911 2643 1038 2727 populis
1060 2643 1253 2710 nuntiarent.

301 2761 387 2826 XVI.
420 2762 481 2827 Ille
503 2769 620 2844 autem,
647 2763 701 2847 qui
723 2765 872 2829 nectebat
895 2762 995 2847 dolos,
1022 2763 1134 2829 audire
1156 2763 1258 2830 noluit
1278 2765 1445 2846 rationem,
1470 2781 1571 2848 agens
1585 2759 1835 2846 argumentatio-
1861 2762 1901 2821 45

215 2864 309 2930 nibus
329 2865 459 2948 crebris,
486 2873 521 2932 ut
535 2885 751 2950 quoscumque
774 2867 995 2952 episcoporum
1018 2867 1165 2933 audierat
1186 2867 1336 2951 eruditos,
1362 2867 1460 2935 variis
1481 2863 1743 2932 insectationibus
1763 2863 1835 2947 egi-

215 2974 305 3033 taret.
354 2968 422 3032 lam
450 2969 492 3033 ad
523 2969 654 3034 exilium
677 2970 904 3036 Vibianensem
934 2970 1095 3050 isecundi
1117 2971 1332 3036 Donatianum
1361 2970 1507 3057 inpositis
1529 2976 1655 3036 centum
1677 2967 1835 3051 quinqua-

165 3087 196 3129 ιι
216 3071 305 3152 ginta
334 3072 472 3138 fustibus
500 3073 632 3138 miserat
659 3073 860 3160 episcopum,
894 3095 953 3140 nee
982 3095 1045 3140 non
1074 3082 1106 3141 et
1129 3074 1366 3140 Sufetulensem
1387 3073 1606 3156 Praesidium,
1631 3072 1733 3138 virum
1757 3069 1835 3136 satis

215 3181 353 3240 acutum.
401 3177 491 3241 Tunc
514 3184 545 3241 et
567 3178 767 3244 venerabiles
782 3178 994 3261 Mansuetnm,
1021 3177 1226 3261 Germanum,
1252 3179 1425 3244 Fusculum
1448 3184 1481 3244 et
1501 3177 1618 3243 multos
1640 3175 1721 3242 alios
1742 3173 1836 3240 iusti-

215 3276 316 3360 gauit.
354 3278 439 3344 Dum
461 3280 540 3345 baec
563 3287 725 3364 geruntur,
751 3282 898 3366 imperat,
925 3289 960 3348 ut
981 3301 1053 3347 cum
1074 3287 1203 3347 nostrae
1224 3281 1390 3365 religionis
1412 3281 1539 3347 illorum
1562 3297 1705 3346 mensam
1726 3278 1835 3344 nullus
1860 3279 1901 3340 16

217 3399 413 3447 communem
436 3381 570 3449 haberet
591 3404 694 3467 neque
717 3406 788 3449 curn
812 3384 977 3451 catholicis
999 3385 1125 3451 omnino
1147 3393 1361 3451 vescerentur.
1402 3385 1493 3464 Quae
1514 3403 1566 3450 res
1587 3403 1650 3449 non
1671 3381 1751 3467 ipsis
1773 3380 1835 3446 ali-

216 3483 302 3566 quod
323 3485 484 3569 praestitit
505 3488 705 3570 beneficium,
732 3489 791 3554 sed
812 3489 905 3555 nobis
927 3489 1100 3554 maximum
1124 3489 1259 3556 contulit
1279 3490 1412 3554 lucrum.
1460 3489 1543 3554 Nam
1566 3487 1594 3552 si
1616 3505 1745 3552 sermo
1767 3504 1836 3551 eo-

167 3607 197 3647 uo
218 3607 316 3670 rum,
344 3587 468 3654 dicente
491 3591 652 3674 apostolo,
678 3592 786 3657 'sicut
809 3613 957 3658 cancer
979 3593 1198 3660 consuevit
1221 3612 1402 3678 serpere,
1429 3598 1546 3677 quanto
1568 3590 1674 3674 magis
1694 3609 1836 3655 commu-

218 3691 268 3755 nis
297 3711 409 3756 mensa
431 3693 572 3758 ciborum
595 3696 709 3778 poterit
731 3696 913 3779 inquinare,
941 3716 1012 3762 cum
1036 3695 1122 3762 dicat
1142 3695 1227 3762 idern
1250 3697 1430 3782 apostolus,
1462 3715 1547 3761 curn
1570 3692 1742 3760 nefariis
1762 3711 1836 3759 nec

217 3794 349 3859 cibum
372 3795 524 3862 habere
547 3818 799 3865 communem.

287 4021 327 4082 aar
351 4019 377 4073 11
396 4020 467 4073 nrm.
489 4024 513 4082 a,
538 4024 576 4072 rr.
662 4009 725 4086 'arr
747 4024 758 4076 1
777 4023 838 4079 eor.
861 4027 885 4088 5,
909 4026 948 4075 ιι.

227 4233 359 4238 -——-—
368 4233 632 4242 --——-—-———--.-

291 4386 363 4434 idei
381 4387 503 4434 adiutorio
521 4387 558 4436 cd.
579 4389 655 4438 Ruta.
761 4387 778 4436 2
796 4389 898 4450 Propter
916 4390 1014 4449 quodp
1119 4386 1599 4454 3ιιιιιιιιιιιιιι11ριᾳιιιιιιιιεΒΜ1
1700 4385 1837 4434 lCertbe-

219 4472 365 4534 ginensisp
470 4472 628 4535 bruggestio
647 4475 725 4537 lrecp
829 4475 879 4522 iam
897 4474 941 4536 qul
956 4473 1064 4522 BLRV:
1084 4476 1127 4536 qui
1145 4475 1194 4521 iarn
1211 4489 1228 4535 p
1245 4477 1268 4521 et
1286 4474 1361 4534 volgo
1464 4473 1527 4524 dut
1544 4474 1625 4534 lnlqu.
1645 4485 1682 4532 gr.
1701 4472 1838 4533 parturiret

220 4559 288 4619 itcp
393 4559 508 4622 episcopo
526 4560 667 4620 eugenioL
772 4561 910 4610 lebedum
923 4560 1008 4607 BLV.-
1028 4561 1148 4609 cubadum
1161 4561 1200 4621 Rp
1304 4557 1479 4621 Sengeullt:
1497 4573 1512 4608 o
1529 4560 1620 4620 eugeni
1638 4558 1834 4618 BLVetvulgo,

120 4676 127 4682 -
220 4644 414 4706 euangeliump
539 4646 570 4694 10
588 4648 634 4696 hoc
651 4647 722 4696 modo
740 4647 778 4710 Rp
889 4643 989 4712 uolitet]
1007 4647 1075 4695 uolet
1093 4651 1119 4693 et
1136 4646 1166 4708 R,
1187 4647 1289 4708 ucletp
1412 4644 1439 4694 ll
1460 4659 1521 4694 uera
1537 4651 1577 4694 est
1593 4645 1679 4693 BLV:
1699 4658 1758 4692 uerc
1776 4643 1837 4692 tides

220 4736 258 4778 est
277 4730 307 4792 ll,
334 4745 393 4780 uera
409 4737 448 4780 est
466 4731 561 4794 tldesp
686 4733 715 4782 12
733 4747 864 4794 agnoscere
880 4749 898 4795 p
917 4736 939 4780 et
957 4734 1046 4792 culpo,-
1074 4736 1101 4779 ot
1118 4730 1153 4792 cf.
1173 4749 1197 4781 o.
1221 4731 1251 4781 16
1373 4731 1490 4780 scribcR
1613 4728 1643 4780 13
1661 4730 1771 4792 episcopi
1785 4744 1803 4790 p

221 4813 279 4882 mci]
299 4818 377 4864 nostrl
395 4817 434 4878 Bp
549 4818 579 4866 lt
598 4821 702 4868 ecclesie
721 4833 853 4880 romanep
957 4817 1036 4880 capud
1055 4818 1103 4865 BV
1215 4816 1245 4865 15
1264 4815 1381 4868 Gubsdus
1399 4815 1438 4877 ap
1455 4820 1478 4864 et
1494 4818 1570 4876 υιιιρο
1674 4816 1780 4865 domnus
1798 4816 1836 4864 B:

220 4902 335 4950 domluus
355 4901 399 4949 Lll
407 4903 441 4965 Vp
582 4904 612 4954 lb
630 4907 697 4966 regis
717 4907 778 4967 (regi
795 4908 820 4968 p)
843 4905 932 4954 similis
950 4917 999 4953 non
1018 4919 1074 4953 sum
1092 4903 1139 4965 Rp,
1164 4904 1253 4952 similis
1271 4905 1324 4964 regi
1343 4915 1393 4952 non
1411 4916 1467 4950 sum
1484 4900 1523 4950 ed.
1543 4902 1620 4953 Busta.
1742 4898 1838 4968 ueram]

221 4987 334 5037 drcml'
435 4989 560 5040 desideret
578 4992 764 5052 cognoscereL
875 4991 903 5040 ll
924 4993 1052 5054 episcopos
1071 5005 1097 5038 u.
1116 4990 1279 5051 catholicosp
1383 4989 1506 5050 episcopis
1523 4988 1586 5036 mels
1603 4987 1642 5048 sp
1748 4987 1778 5037 18
1797 5001 1838 5036 ca-

220 5075 324 5122 tholicae
344 5075 452 5123 BLBV:
472 5077 605 5126 cetbolicae
623 5079 682 5126 tidel
698 5094 716 5140 p
734 5083 757 5125 et
774 5081 846 5140 υυιρο
950 5091 1024 5126 cause
1042 5077 1097 5137 ltp:
1119 5090 1177 5125 curs
1195 5076 1271 5137 BLV,
1291 5076 1326 5137 cs.
1343 5090 1371 5137 p.
1391 5072 1433 5137 22,
1454 5073 1486 5123 30
1589 5075 1672 5124 aiebat
1696 5075 1790 5124 Vcorr.
1810 5088 1838 5122 eu

219 5162 306 5220 egebat
410 5165 467 5224 quia
480 5162 566 5210 BLV:
584 5164 649 5226 quod
662 5163 701 5226 Rp
713 5169 735 5211 et
747 5165 820 5225 uolgo
925 5163 955 5211 19
974 5163 1109 5211 cidcemB
1211 5163 1293 5211 cliens
1307 5176 1326 5222 p
1429 5159 1460 5210 21
1481 5161 1627 5208 calumniam
1647 5160 1685 5222 Rp
1788 5165 1838 5208 ter-

220 5247 254 5295 ris
272 5251 297 5295 et
315 5261 362 5297 orn.
381 5265 399 5310 p
536 5249 570 5298 22
594 5253 708 5299 nectebat
725 5250 809 5299 BRV:
838 5252 953 5299 nectebat
972 5250 1011 5311 Lp
1027 5254 1050 5297 et
1067 5250 1141 5310 culpo
1163 5250 1306 5312 (templum
1323 5248 1391 5296 illius
1408 5246 1504 5307 formae
1521 5260 1573 5296 uon
1590 5247 1685 5295 videtur
1700 5247 1800 5308 attan)

220 5334 360 5396 rationesp
464 5335 497 5384 24
516 5339 690 5386 nibieuensem
703 5337 786 5386 BLV.-
805 5338 980 5385 uluiauensem
994 5337 1024 5397 R,
1045 5337 1228 5397 uiuieueusep
1332 5335 1437 5384 secundi
1448 5332 1527 5392 BRV,
1546 5332 1656 5382 secundo
1674 5333 1696 5381 L
1713 5337 1736 5381 et
1752 5333 1835 5393 cumo,

220 5419 357 5468 secuudum
372 5437 405 5482 p,·
424 5421 521 5470 videtur
538 5425 565 5471 in
582 5426 668 5474 ritorto
686 5424 953 5474 secuudidouatiauum
970 5437 1050 5472 anam
1061 5437 1150 5472 nemea
1162 5423 1237 5472 latere
1339 5422 1499 5470 donationum
1512 5418 1561 5468 BV
1661 5419 1693 5468 25
1711 5420 1838 5483 episcopos

220 5519 266 5554 nec
284 5520 333 5554 nou
351 5513 376 5554 et
395 5508 441 5555 sub
460 5511 619 5572 fetulensep
732 5512 793 5559 setis
810 5523 858 5558 orn.
880 5510 918 5571 Rp
1031 5508 1062 5558 21
1082 5517 1199 5570 gerentur
1221 5509 1241 5555 V
1260 5509 1296 5570 (ca
1313 5509 1484 5568 gererenturr)
1599 5505 1805 5567 cumom.1.ltp

220 5593 347 5652 religionis
365 5593 441 5656 BVp:
462 5596 548 5656 religio
567 5598 597 5657 lt,
617 5599 743 5658 religionis
761 5598 823 5645 uiris
844 5595 906 5644 Lat
923 5598 997 5656 culpo
1112 5609 1199 5644 meuse
1217 5595 1311 5643 nullum
1330 5594 1369 5655 ap
1484 5591 1517 5642 28
1535 5592 1687 5654 heberentp
1790 5593 1838 5642 all·

220 5681 280 5742 quid
299 5680 319 5727 l.
425 5681 454 5730 31
476 5685 590 5741 ιιγιοιιιιιι
609 5686 640 5744 R,
661 5688 716 5733 item
734 5700 757 5732 c.
780 5681 811 5731 32
830 5684 917 5742 cybum
1022 5683 1104 5745 potuit
1122 5681 1160 5743 Rp
