4508 6434
712 424 942 486 IOHANNIDOS
962 431 1032 486 LIB.
1053 430 1103 488 IV.
1126 430 1158 488 Υ.
1182 429 1251 495 llV).

645 619 743 702 dixit,
770 628 803 687 ct
823 621 857 686 in
880 621 1021 687 medium
1044 621 1230 707 dirumpens
1252 621 1396 688 concitus
1418 639 1536 704 agmen

559 724 667 808 pulsat
688 744 824 807 equum,
850 745 1031 810 magnaque
1054 724 1195 790 fremens
1216 724 1243 792 it
1263 744 1341 814 voce
1363 745 1422 810 per
1442 723 1562 789 hostes.
1669 790 1673 800 ,

559 826 763 909 consequitur
784 826 895 894 densis
917 829 1004 894 acies
1026 828 1201 894 fortissima
1223 829 1308 894 telis.

558 930 692 1014 pulvere
715 936 830 997 cuncta
851 932 963 998 latent.
1010 937 1045 998 at
1067 931 1189 1017 eampis
1212 929 1335 998 ferrcus
1358 929 1462 997 imber

558 1031 705 1116 confluit,
732 1042 764 1101 et
785 1034 893 1100 nervis
915 1035 1055 1101 volitans
1077 1035 1225 1120 pulsatur
1247 1027 1380 1101 arundo.

644 1138 849 1222 Mantisynan
872 1138 1009 1223 primum
1031 1137 1144 1204 ductor
1164 1138 1342 1204 transmisit
1363 1137 1406 1203 ad
1428 1137 1577 1214 umbras,

558 1261 636 1307 ense
659 1249 756 1326 capnt
777 1242 918 1327 rapiens.
964 1261 1024 1308 nec
1046 1242 1147 1309 sensit
1167 1242 1284 1308 vulnus
1307 1242 1457 1308 acerbum

558 1365 677 1428 magna
698 1344 759 1410 viri
782 1345 908 1428 cervix,
934 1365 994 1411 nec
1015 1344 1130 1411 tardus
1150 1344 1185 1411 in
1207 1345 1333 1411 ossibus
1356 1343 1442 1410 ensis

557 1447 715 1531 sanguine
738 1448 856 1514 tinctus
879 1456 958 1515 crat.
1004 1448 1104 1516 iacuit
1124 1468 1183 1534 per
1205 1448 1353 1532 gramina
1374 1455 1485 1514 vertex

556 1550 731 1617 luminibus
752 1551 882 1638 patulis.
931 1559 1076 1618 truncum
1099 1552 1182 1618 levis
1204 1572 1343 1636 aequore
1365 1557 1496 1637 portans

456 1653 471 1674 “’
557 1655 654 1721 currit
675 1674 795 1739 equus,
822 1656 1019 1739 sanguisque
1041 1655 1155 1736 micat,
1180 1677 1245 1739 qua
1267 1656 1352 1722 colla
1373 1661 1544 1721 metuntur.

557 1759 740 1825 Laumasan
761 1757 838 1825 inde
861 1758 935 1825 ierit
958 1760 1066 1827 valido
1088 1781 1147 1846 per
1167 1765 1313 1845 tempora
1334 1758 1431 1825 ferro.

556 1862 684 1928 ossibus
706 1869 739 1928 et
761 1862 871 1928 fractis
893 1863 1012 1947 pariter
1034 1885 1091 1948 per
1113 1865 1210 1930 molle
1234 1864 1398 1931 cerebrum

557 1965 750 2043 eminebit,
776 1967 967 2050 galeamque
991 1967 1086 2034 simul
1109 1968 1294 2052 pallamque
1317 1973 1446 2032 secutus

556 2069 743 2153 luminaque
765 2076 798 2135 et
819 2070 931 2154 longos
954 2071 1058 2137 secuit
1078 2091 1150 2136 cum
1173 2070 1276 2137 fronte
1299 2069 1444 2154 capillos.

558 2172 815 2255 Guarsntiaeque
838 2173 943 2240 levem
966 2173 1109 2240 coniecta
1131 2174 1308 2240 comminus
1330 2173 1424 2238 hasta

557 2275 663 2342 fundit
685 2296 814 2358 equum.
861 2277 954 2342 laevo
976 2277 1105 2344 tremuit
1127 2277 1252 2344 confixa
1274 2277 1333 2342 snb
1356 2296 1444 2342 armo

558 2378 721 2463 fraxinus,
747 2387 780 2446 et
802 2378 907 2445 calido
930 2400 1060 2447 currens
1081 2401 1140 2466 per
1163 2367 1287 2447 uiscera
1309 2380 1393 2447 ferro

507 2569 510 2576 Δ
557 2504 677 2568 perque
699 2483 815 2569 pedem
838 2482 985 2550 dextmm
1008 2484 1129 2550 domini
1152 2492 1299 2551 conserta
1320 2483 1485 2570 pependit.

557 2587 675 2654 corruit
695 2588 736 2652 ob
758 2587 874 2652 vulnus
896 2587 1043 2673 sonipes,
1069 2586 1294 2673 dominumque
1316 2587 1409 2653 ruina

557 2690 736 2776 comprimit
757 2691 828 2776 ipse
850 2703 964 2758 suaet
986 2691 1077 2758 letali
1099 2692 1239 2778 pondere
1261 2698 1404 2777 quassat.

557 2792 767 2860 Manzerasen
788 2794 928 2861 medinm
952 2794 1058 2880 rigido
1080 2815 1229 2863 mucrone
1251 2795 1436 2862 tremendus

557 2897 690 2980 dividit,
715 2898 812 2982 inque
834 2898 920 2966 latus
943 2899 1073 2982 gemina
1095 2899 1230 2966 defluxit
1252 2907 1419 2982 utmmque

556 3009 648 3086 parte
670 3001 801 3068 cadens.
847 3003 994 3086 iugulum
1016 3003 1146 3088 rapiens
1169 3003 1288 3070 deiecit
1308 3002 1386 3068 Iarti

556 3112 775 3190 armatamque
797 3127 937 3172 manum.
985 3106 1104 3173 ferrum
1126 3114 1215 3173 tenet
1235 3107 1294 3172 illa
1315 3112 1510 3188 rehactans,

556 3207 694 3292 frigidus
715 3209 771 3275 ille
794 3209 890 3275 eadit.
936 3219 1041 3277 terrae
1063 3218 1180 3276 tremor
1201 3211 1319 3294 ingerit
1340 3209 1422 3276 ictus

459 3377 461 3380 .
556 3313 721 3381 excutiens
743 3313 859 3380 calidis
881 3314 1050 3380 morientia
1071 3314 1203 3380 brachia
1224 3313 1344 3380 nervis.

641 3417 779 3482 Mazana
799 3417 997 3501 prospiciens
1019 3416 1196 3483 ferventem
1218 3417 1318 3483 caede
1340 3415 1515 3484 Iohannem

556 3520 688 3600 obvius,
714 3519 854 3586 adducto
875 3527 1004 3586 tentans
1026 3521 1144 3586 hastile
1165 3521 1302 3603 lacerto,

557 3623 664 3699 irruit;
690 3623 786 3710 inque
809 3624 912 3690 virum
935 3623 1069 3690 veniens
1091 3631 1127 3691 ut
1147 3624 1269 3690 missile
1291 3623 1400 3705 torsit,

556 3725 656 3792 flectit
678 3747 794 3810 equum
817 3725 988 3794 domitans.
1037 3726 1128 3793 fortis
1151 3728 1209 3794 sed
1232 3727 1365 3793 vsdncra
1387 3726 1501 3792 ductor

557 3831 648 3896 nulla
669 3851 808 3915 pavens,
835 3831 939 3916 clipeo
963 3837 1143 3897 contentam
1166 3831 1278 3897 deviat
1299 3831 1424 3896 hastam

558 3934 756 4019 suscipiens,
781 3935 952 4019 ipsumque
973 3934 1056 4020 petit
1075 3956 1139 4001 uon
1160 3935 1288 4001 territus
1310 3935 1450 4014 hostem,

558 4044 590 4104 et
611 4037 686 4104 ierit
706 4036 896 4123 intrepidus.
942 4039 1062 4104 virides
1085 4058 1176 4104 cruor
1196 4038 1296 4104 inlicit
1317 4038 1434 4103 herbas

557 4140 711 4223 exiliens,
737 4147 924 4225 tantumque
945 4141 1030 4208 iacet
1051 4162 1110 4227 per
1130 4162 1205 4208 rura
1227 4140 1376 4207 caduver.

641 4243 767 4313 viderat
787 4245 951 4328 ingentem
974 4245 1133 4312 deiectum
1155 4246 1288 4311 vulnere
1311 4244 1440 4311 fratrem

557 4347 715 4431 Gordius,
742 4349 937 4433 exitiumque
959 4368 1077 4434 parans
1099 4349 1274 4416 defendere
1297 4347 1404 4414 fratris

437 4477 440 4484 ‘
557 4471 630 4517 ecce
652 4452 757 4533 volat,
783 4459 886 4519 tectus
909 4451 1012 4538 clipeo
1034 4453 1173 4538 talisque
1195 4442 1370 4537 superbus,

557 4555 781 4639 ductoremque
804 4556 895 4641 petit.
943 4557 1106 4641 compellit
1127 4557 1255 4622 conscia
1276 4555 1378 4621 uirtus
1474 4643 1476 4646 Ι

555 4658 763 4742 germanique
786 4659 887 4726 dolor.
934 4659 1017 4726 ludit
1039 4659 1115 4726 dum
1137 4660 1261 4745 poplite
1282 4658 1366 4726 flexo

556 4762 745 4844 subsiliens,
771 4764 940 4829 tremulam
962 4783 1020 4849 per
1041 4771 1147 4830 costos
1169 4764 1286 4849 accipit
1307 4763 1433 4828 hastam

555 4865 697 4948 tegmine
719 4872 896 4948 transacto,
923 4866 1100 4950 ceciditque
1121 4867 1239 4932 infixus
1261 4867 1412 4934 harenae.

556 4989 651 5053 quem
673 4970 776 5035 bonus
798 4971 916 5036 affatur
937 4970 1055 5036 vietum
1077 4970 1143 5036 iam
1156 4971 1265 5036 ‘morte
1287 4970 1459 5036 lohannes.

561 5073 639 5140 ‘hoc
660 5080 745 5155 erat,
771 5071 903 5154 infelix,
930 5074 1014 5157 qnod
1036 5093 1095 5140 nos
1117 5074 1234 5140 virtute
1256 5075 1407 5160 petebas,

556 5177 704 5243 rrerscius':l
747 5197 790 5242 un
811 5175 901 5242 fratri
924 5176 1029 5262 potins
1052 5197 1158 5244 comes
1180 5178 1226 5244 ire
1248 5179 1410 5264 parabas?

238 5423 287 5473 743
305 5425 405 5474 dicltT
507 5423 556 5472 753
575 5421 701 5472 corrnltT
803 5435 852 5482 qus
870 5420 956 5483 Betis,
976 5422 1060 5482 quoi*
1164 5421 1214 5472 754
1231 5422 1337 5485 timpora
1357 5420 1387 5482 Τ,
1406 5426 1435 5470 ut
1451 5419 1503 5483 tere
1520 5421 1579 5469 solet
1683 5420 1732 5470 755
1752 5435 1791 5470 cs·

169 5510 302 5560 lebrnmi'
407 5511 457 5561 756
475 5512 617 5574 pallamque
632 5509 659 5572 T,
678 5509 821 5571 pellemque
834 5505 925 5568 Mora,
945 5507 987 5556 sed
999 5507 1035 5568 cs.
1050 5508 1079 5555 11
1094 5510 1149 5559 136.
1172 5509 1297 5558 7111199
1401 5506 1451 5556 764
1468 5507 1627 5556 Μιηιοῐιιοιι
1639 5507 1698 5570 leqlt
1710 5507 1788 5558 Mosa.

170 5596 219 5646 tos
232 5585 346 5648 'deduxit
357 5597 445 5659 aaa,
459 5595 597 5646 detlsxlti'
683 5594 733 5644 766
751 5595 809 5642 iartl
826 5592 854 5655 Τ,
869 5595 938 5642 lclrtl
949 5595 1017 5656 lecit,
1031 5596 1139 5644 inertem
1152 5598 1247 5657 mulpslt
1260 5594 1337 5645 Musa.
1434 5593 1483 5642 770
1501 5607 1602 5642 mucuns
1617 5598 1628 5642 l
1642 5609 1676 5644 or.
1691 5609 1752 5646 corr.
1772 5595 1793 5643 d

168 5681 214 5732 771
236 5689 337 5734 tentem
358 5685 386 5744 T,
406 5690 524 5746 torquens
542 5685 683 5746 requiritur,
705 5681 740 5743 cs.
761 5680 827 5742 Vesq.
843 5685 903 5730 Am.
922 5681 958 5727 1x
969 5682 1020 5730 ⁴⁰9
1133 5681 1182 5731 775
1201 5684 1359 5745 subsplclens
1381 5681 1402 5728 Τ
1505 5678 1555 5729 'l'ld
1572 5681 1662 5730 lnleett
1678 5682 1750 5730 orbes
1771 5681 1792 5729 T

168 5768 216 5818 782
235 5769 312 5819 duT
