4462 6436
700 421 739 476 IN
758 421 914 477 LAVDEM
932 422 1074 479 lVSTlNl
1093 423 1162 477 LIB.
1186 421 1232 477 lv.

546 611 643 695 (cogit
664 611 746 678 dma
767 612 847 697 sitis)
874 614 1085 697 cumulosque
1105 612 1226 678 arentis
1249 612 1396 678 harenae

543 715 701 799 obiciunt,
727 715 920 800 pinguisque
942 718 1003 784 soli
1026 717 1166 782 declivia
1187 716 1352 781 claudunt.

629 826 799 904 postquam
822 821 937 906 opibus
958 819 1040 885 lidos
1062 820 1173 884 consul
1197 819 1312 884 ditavit
1334 820 1499 898 alumnos,

416 941 422 955 ·
543 918 690 1005 Angusto
711 929 790 988 nutu
812 929 942 988 cunctos
964 922 1114 988 incedere
1136 922 1247 1005 iussit,

545 1033 580 1090 ut
601 1025 728 1109 populis
749 1025 805 1110 pia
827 1025 912 1090 dona
933 1025 1035 1090 daret.
1082 1031 1255 1109 praccepta
1277 1023 1451 1089 iacessunt.

456 1209 462 1216 Ι
544 1128 667 1194 tollitur
688 1127 722 1192 in
743 1148 895 1211 magnum
918 1128 1036 1193 divalis
1059 1128 1141 1193 sella
1163 1128 1358 1212 triumphum

545 1232 635 1297 mille
657 1231 872 1296 ministrorum
895 1231 1063 1314 manibus,
1088 1237 1244 1314 gratoque
1266 1229 1369 1295 labori

546 1334 736 1400 submittant
757 1354 884 1401 umeros
907 1341 940 1400 et
961 1334 1038 1398 loris
1061 1332 1196 1399 fortibus
1218 1339 1331 1418 aptant

401 1454 423 1470 ⁶·
546 1439 639 1502 electi
661 1438 815 1519 iuvenes,
840 1444 933 1502 aetas
954 1437 1071 1519 quibus
1093 1437 1242 1502 omnibus
1265 1455 1346 1518 una,

546 1561 605 1625 par
626 1541 773 1624 babitus,
799 1559 858 1625 par
879 1540 984 1606 forma
1005 1540 1082 1622 fuit,
1109 1540 1275 1623 vestisque
1296 1539 1432 1604 rubebat

546 1644 710 1724 concolor,
735 1650 833 1727 atque
855 1663 934 1709 auro
955 1644 1108 1709 lucebant
1129 1643 1261 1726 cingula
1284 1641 1414 1707 mundo.

546 1745 679 1811 incessit
701 1747 806 1813 laetus
827 1748 995 1832 praeclara
1015 1746 1049 1811 in
1071 1753 1162 1811 veste
1184 1752 1333 1827 aeneus,

548 1870 623 1934 pars
645 1849 782 1932 trabeis,
808 1869 883 1934 pare
906 1856 1033 1934 compta
1055 1850 1158 1932 togis,
1185 1857 1220 1914 ut
1242 1849 1356 1931 cuique
1378 1847 1531 1932 probatus

547 1952 625 2016 ordo
648 1952 752 2017 locum
774 1952 956 2036 cultumque
980 1952 1088 2017 dabat.
1137 1952 1247 2017 divina
1270 1958 1447 2032 sequantur

548 2054 672 2136 officia,
699 2061 732 2120 et
752 2055 865 2138 primis
887 2073 1006 2139 praeeo
1025 2055 1218 2120 clamoribus
1240 2053 1338 2120 instat

548 2158 696 2223 omnibus
718 2158 906 2242 imperitans
929 2159 1027 2224 sectis
1048 2159 1220 2243 procedere
1242 2157 1366 2224 tmnris.

549 2261 702 2327 incedunt
723 2261 843 2328 densae
866 2261 965 2328 mixto
988 2261 1100 2328 lictore
1122 2263 1278 2328 cohortes.

550 2365 623 2431 hinc
646 2349 770 2431 armata
792 2385 907 2430 manus
929 2364 1077 2430 dextram
1099 2363 1292 2448 laevamque
1310 2370 1418 2430 tuetur

550 2468 704 2534 Caesarei
727 2468 850 2534 lateris.
897 2467 1012 2554 clipeis
1034 2469 1089 2552 pia
1109 2475 1202 2552 terga
1223 2469 1354 2551 tegebat

549 2572 665 2654 ingens
686 2571 872 2654 excubitus,
898 2578 1175 2656 protectore-mque
1197 2571 1382 2655 phalanges

550 2675 719 2758 fulgebant
740 2675 838 2739 rutilo
857 2674 933 2760 pilis
956 2675 1202 2758 splendentibus
1223 2693 1312 2739 auro.

550 2779 621 2861 ipse
643 2785 750 2844 autem
773 2779 884 2844 conoul
908 2797 998 2843 sacro
1021 2777 1205 2843 diademate
1227 2777 1373 2860 fulgens,

550 2886 684 2945 umatus
704 2880 832 2962 trabea,
858 2880 1060 2964 gemmisque
1082 2887 1230 2965 ostroque
1253 2879 1394 2962 nitebat,

550 3004 604 3048 ore
627 2983 809 3065 umerisque
831 2990 956 3068 potens
1002 2991 1034 3049 et
1056 2983 1139 3049 sacri
1162 2983 1293 3048 luminis
1315 2984 1417 3048 instar

549 3087 637 3151 illius
660 3092 811 3170 aspectas
833 3105 978 3168 gemmas
1000 3085 1151 3152 vincebat
1172 3093 1205 3152 et
1225 3105 1357 3166 aunum,

549 3188 706 3272 angelicis
729 3189 835 3255 oculis>
853 3207 1039 3273 exaequans
1061 3190 1171 3256 sidera
1193 3189 1287 3256 caeli.

550 3293 682 3376 contigit
704 3299 739 3358 ut
761 3287 872 3358 sacrae
895 3291 1006 3358 felicia
1027 3293 1139 3358 limine
1161 3300 1290 3378 portae,

549 3396 676 3462 tramite
697 3416 762 3478 qua
785 3403 873 3462 recto
893 3395 1032 3462 mediam
1055 3397 1108 3462 via
1131 3397 1219 3462 ducit
1240 3397 1273 3462 in
1296 3397 1425 3476 urbem,

550 3498 664 3564 terruit
685 3498 813 3564 incessu
836 3499 989 3584 populos,
1015 3499 1181 3582 oculisque
1203 3498 1345 3564 refulsit:

549 3601 655 3684 qualis
677 3602 724 3667 alr
743 3601 864 3666 Oceani
886 3601 1017 3685 liquidis
1040 3603 1089 3666 sol
1112 3619 1229 3667 aureus
1252 3601 1348 3666 undis

550 3703 757 3788 splendentes
779 3704 877 3770 mittit
896 3705 1022 3786 radios,
1049 3705 1225 3788 rutilosque
1248 3723 1396 3771 serenum

550 3807 657 3872 fundit
678 3808 796 3890 ubique
818 3807 904 3874 diem
927 3807 1147 3891 mundumque
1167 3808 1339 3873 inluminat
1360 3828 1486 3872 omnem

553 3911 634 3976 lnois
657 3912 776 3976 honore
799 3930 888 3977 suae.
935 3912 1004 3976 viso
1026 3917 1101 3977 tunc
1123 3913 1254 3978 consule
1277 3903 1403 3997 plebes

407 4036 437 4076 a
552 4015 721 4100 plausibus
742 4014 938 4098 adsurgunt,
964 4021 998 4080 et
1019 4033 1113 4080 voees
1137 4016 1267 4081 vocibus
1289 4015 1424 4080 addunt.

552 4118 615 4201 sic,
641 4119 725 4184 bene
747 4118 911 4200 quaesitas
933 4123 969 4183 ut
991 4117 1089 4203 pullis
1112 4118 1254 4203 porrigat
1275 4135 1386 4196 escas,

552 4222 639 4287 mitis
660 4221 798 4288 hircmdo
820 4220 920 4287 redit:
947 4229 1115 4306 postquam
1138 4239 1197 4288 sua
1218 4227 1303 4288 tecto
1325 4220 1499 4286 videndum

552 4325 684 4408 mla
705 4345 763 4409 por
784 4324 913 4410 patulas
935 4323 1034 4390 inerit
1055 4324 1165 4390 delato
1186 4325 1363 4407 fenestras,

553 4428 664 4493 matris
684 4426 719 4492 in
741 4427 915 4492 adventum
937 4426 1013 4492 nido
1036 4427 1199 4512 consurgit
1219 4429 1262 4492 ab
1283 4429 1370 4493 omni

553 4531 647 4596 turba
668 4531 805 4613 loquax,
831 4529 1042 4614 llogitcntquo
1064 4531 1153 4597 cibos
1173 4530 1321 4614 fidaeque
1344 4531 1486 4616 parentis

554 4634 663 4699 ombus
685 4653 743 4698 ora
763 4639 877 4718 petunt
897 4639 930 4699 et
951 4634 1072 4718 apertis
1094 4633 1244 4700 faucibus
1264 4633 1412 4712 adstant,

553 4737 613 4802 illa
635 4735 694 4801 sod
715 4736 898 4822 inpendens
916 4737 1027 4803 nidum
1051 4737 1265 4822 circumspicit
1285 4755 1430 4818 omnem,

641 4950 794 5010 sanxerat
814 4944 981 5028 Augustus
1004 4943 1145 5028 Sophiae
1166 4943 1354 5026 cognomine
1376 4944 1548 5029 templum,

555 5047 733 5112 Romanum
756 5047 905 5132 princeps
927 5066 998 5112 cum
1022 5045 1220 5112 lastinianus
1242 5044 1376 5111 heberet

238 5242 288 5292 229
306 5245 391 5291 abtant
407 5241 435 5289 M
531 5238 581 5288 23⁴
600 5241 742 5300 prasina,
763 5237 937 5301 putemur
954 5237 1012 5300 (uu).
1104 5237 1266 5301 pronatum
1363 5235 1590 5288 rebeccaeque
1685 5238 1735 5288 237
1755 5242 1797 5288 lo-

169 5331 282 5392 pcrluoa
301 5328 327 5375 M
431 5328 508 5375 sectis
528 5323 562 5386 M,
583 5325 658 5372 tectis
676 5323 792 5372 datttom
809 5322 882 5384 Bate,
901 5324 975 5372 lectis
993 5322 1053 5372 suu
1172 5323 1222 5372 238
1240 5329 1336 5375 coortae
1355 5323 1385 5371 M
1497 5325 1547 5375 239
1565 5327 1698 5388 latamque
1720 5331 1730 5374 l
1749 5339 1794 5386 m.,

168 5417 300 5477 leuemque
322 5419 386 5462 rm.
408 5412 436 5458 M
547 5410 598 5459 tto
616 5413 735 5470 tegebant
753 5408 780 5455 M
892 5407 942 5458 clu
961 5409 1020 5458 hore
1039 5409 1067 5456 M
1176 5417 1267 5472 potens
1287 5411 1322 5471 M,
1343 5417 1431 5472 patens
1449 5411 1563 5461 dolitum
1581 5412 1644 5460 Rota
1758 5427 1798 5462 aa·

169 5499 398 5549 crlodd.2m.M
475 5494 900 5557 ursamrm.,aueem.u
976 5493 1023 5544 251
1038 5495 1495 5556 auoooanllm.,abocean12m.M
1569 5497 1764 5547 25'llronch

170 5599 215 5636 sua
233 5590 299 5634 taeta
317 5585 456 5632 uidendum
472 5583 506 5646 M,
528 5597 573 5632 sua
590 5587 656 5630 tecta
673 5584 786 5631 renisum
804 5583 842 5629 vet
861 5583 978 5630 raulcone
990 5581 1072 5644 Jeep,
1094 5583 1124 5631 ad
1143 5597 1188 5632 sua
1207 5589 1271 5632 taeta
1290 5583 1399 5632 uldcndo
1413 5585 1498 5646 lupa,
1519 5597 1564 5632 soa
1577 5590 1641 5633 tecta
1654 5586 1724 5634 uidet
1736 5587 1796 5634 dnm

172 5671 315 5732 Mammam,
330 5673 357 5719 in
370 5686 415 5721 sna
428 5675 493 5720 tecta
508 5668 657 5732 (uidendum
666 5669 682 5730 ll
697 5669 785 5716 malim
883 5667 934 5717 260
947 5669 1111 5731 dagltantqne
1122 5669 1191 5717 elbo·
1205 5668 1239 5729 M,
1256 5671 1414 5732 rogitantque
1426 5671 1495 5719 eibos
1508 5669 1630 5734 Dempst„
1645 5673 1797 5733 aegramque

170 5759 225 5806 cibo
237 5759 321 5819 loqu„
336 5757 487 5820 inhiantque
500 5759 568 5805 cibos
581 5754 778 5815 antummum.
850 5753 1014 5803 Milillased
1026 5754 1219 5814 Ruit,lllaatM
1288 5755 1546 5820 iddromanaalm„
1562 5757 1798 5807 mmauomth

249 5857 369 5898 (loturus.
1558 5861 1591 5910 20
