4546 6420
910 413 1142 472 Pnoomssvm.
1768 415 1846 482 XLI

366 640 464 722 δηλῶν
494 637 546 703 καί
575 636 676 724 σρίσιν
706 637 900 722 ἐπαγγέλλων
930 638 1057 724 ἑτέρωθι
1087 633 1325 722 ἀναμίγνυσθαι,
1356 627 1437 710 ’όπως
1461 632 1501 722 μὴ
1524 631 1602 701 κατά
1626 631 1735 722 μόνας,
1769 633 1849 703 ἀλλὰ

276 789 278 792 ·
365 761 452 843 κοινῇ
483 749 611 831 ἅπαντες
641 751 846 823 όπαντιάσωσι
874 759 938 832 τοῖς
966 757 1131 844 πολεμίοις.
1177 752 1255 844 τόχη
1287 757 1321 821 δέ
1349 780 1407 821 τινι
1436 758 1465 820 οί
1493 760 1588 822 ταῦτα
1618 753 1655 822 τά
1685 753 1848 844 γράμματα

366 877 486 964 ἔχοντες
517 873 580 964 ὁδῶ
606 878 696 964 ἐτέρορ
722 872 911 964 χρησάμενοι
939 873 989 943 τόν
1013 873 1145 965 Ἱμέριον
1176 872 1272 964 εδρεῖν
1299 871 1420 963 οόδαμῆ
1449 874 1594 964 ἴσχυσαν,
1628 873 1707 942 ἀλλὰ
1735 873 1783 952 ξὺν
1805 881 1849 965 τῷ

368 1002 487 1086 στρατῷ
516 991 716 1083 ἐμπεπτωκὼς
739 999 770 1070 ἐς
793 992 825 1062 τὸ
847 1001 907 1062 τῶν
930 997 1071 1064 ἐναντίων
1094 994 1292 1084 στρατόπεδον
1315 999 1435 1083 γέγονεν
1459 990 1514 1062 δπδ
1537 997 1603 1070 ταῖς
1624 995 1747 1062 ἐκείνων
1770 1021 1848 1085 χερ-

368 1119 426 1183 σίν.
466 1109 503 1204 ἦν
527 1119 560 1184 δέ
583 1142 626 1191 τις
649 1119 680 1182 ἐν
702 1113 799 1204 τοότιρ
821 1122 865 1204 τῷ
888 1114 1055 1204 Ῥωμαίων
1087 1121 1204 1204 στρατῷ
1226 1117 1345 1192 νεανίας
1367 1111 1554 1204 Σεβηριανός
1573 1111 1740 1182 Ἀσιατικοῦ
1763 1119 1845 1200 παῖς,

370 1239 492 1320 Φοῖνιξ,
515 1233 680 1323 Ἐμεσηνδς
703 1238 806 1322 γένος,
833 1234 1001 1324 καταλόγου
1024 1240 1188 1323 ίππικοῦίῦ)
1216 1230 1332 1324 ἀρχων.
1377 1229 1413 1311 δς
1435 1233 1472 1322 δῆ
1496 1234 1585 1323 μόνος
1607 1233 1658 1309 ἰὸν
1680 1239 1742 1310 τοῖς
1766 1232 1843 1326 ἀμφ’

373 1353 462 1424 αὐτόν
485 1353 692 1443 στρατιώταις,
717 1355 901 1443 πεντήκοντα
916 1349 994 1438 οόσι,
1020 1359 1082 1431 τοῖς
1103 1359 1257 1442 πολεμίοις
1278 1357 1310 1431 ἐς
1332 1359 1438 1444 χεῖρας
1461 1350 1550 1443 ἦλθε.
1589 1357 1642 1422 καί
1663 1352 1772 1444 χρόνον
1797 1358 1850 1444 μὲν

373 1474 511 1565 ἀντεῖχόν
534 1502 618 1559 τινα,
649 1477 753 1542 ἔπειτα
776 1476 809 1542 δὲ
831 1481 935 1563 πολλῷ
956 1473 1068 1562 πλήθει
1093 1473 1267 1565 βιαζόμενοι
1288 1477 1320 1550 ἐς
1343 1473 1436 1564 λόιρον
1461 1473 1629 1563 ἀνέδραμον
1652 1474 1786 1544 ἐνταῦθά
1807 1504 1849 1565 πη

371 1591 453 1680 όντα,
480 1591 516 1664 οὗ
538 1594 577 1683 δῆ
602 1593 744 1684 φρούριον
767 1593 822 1664 οὐκ
847 1593 980 1684 ἀσφαλὲς
1003 1589 1051 1682 ἦν.
1092 1593 1138 1663 διὸ
1161 1593 1198 1682 δῆ
1222 1593 1369 1684 ὁμολογία
1392 1603 1470 1687 σφᾶς
1494 1594 1601 1671 αὐτοὺς
1622 1600 1683 1672 τοῖς
1706 1597 1851 1672 ἐναντίοις

214 1739 249 1803 p.
276 1723 338 1784 510
372 1719 504 1784 ἐνταῦθα
520 1711 567 1784 ἐπ’
589 1713 697 1791 αὐτοὺς
713 1712 918 1804 ἀναβεβηκόσι
931 1719 1124 1804 παρέδωκαν.
1165 1719 1193 1782 οί
1210 1716 1243 1782 δὲ
1258 1709 1327 1785 οὔτε
1342 1714 1430 1783 αιἰτδν
1443 1722 1476 1802 11)
1505 1710 1572 1784 οὔτε
1588 1723 1646 1783 τῶν
1663 1723 1851 1805 στρατιωτῶν

371 1862 438 1904 τινα
452 1837 598 1919 ἔκτειναν,
618 1832 696 1903 ἀλλά
714 1833 921 1924 ζωγρήσαντες
938 1831 1081 1919 ἅπαντας,
1102 1835 1230 1924 Ἱρέριον
1245 1838 1301 1923 μὲν
1316 1838 1348 1902 έν
1364 1841 1487 1925 φυλακῇ
1502 1838 1605 1926 ἔσχον,
1630 1841 1674 1926 τῶ
1689 1863 1720 1903 τε
1737 1836 1851 1926 Στότζρ

370 1954 438 2032 τοὺς
461 1956 645 2045 στρατιώτας
666 1959 857 2044 παρέδοσαν,
891 1953 1109 2043 δμολογοῶντας
1137 1960 1221 2044 σφίσι
1244 1954 1291 2030 ίίιν
1314 1959 1468 2045 προθυμία)
1489 1960 1587 2045 πολλῇ
1610 1957 1659 2024 ἐπί
1676 1954 1851 2044 Ῥωμαίους

372 2075 678 2165 στρατεύσεσθαιίί)
704 2074 753 2144 τόν
771 2080 872 2162 μέντοι
888 2074 1031 2164 Ἱμέριον,
1056 2072 1093 2164 ἦν
1111 2075 1152 2163 μή
1174 2075 1213 2144 τὰ
1234 2074 1480 2164 ἐπαγγελλόμενα
1500 2084 1586 2166 ποιῇ,
1612 2081 1735 2145 κτείνειν
1758 2075 1851 2166 ἠπεί-

371 2200 452 2264 λουν.
501 2197 685 2284 έπίγγελλον
714 2198 748 2262 δὲ
778 2194 864 2262 πόλιν
883 2193 1068 2284 Ἀδραμητδν
1091 2198 1312 2263 ἐπιθαλασσίαν
1345 2203 1465 2285 μηχανῇ
1496 2223 1554 2264 τιν-ι
1576 2199 1676 2286 σφίσιν
1699 2200 1848 2266 ἐνδοῦναι.

334 2331 335 2334 ’
371 2317 423 2383 καί
447 2317 512 2384 ἐπεί
535 2319 563 2382 οί
587 2319 756 2405 ἰσχυρίζετο
782 2319 956 2405 βουλομένῳ
987 2317 1082 2399 εἶναι,
1116 2316 1164 2386 έπί
1188 2314 1372 2404 Ἀδραμητδν
1403 2316 1455 2384 σόν
1484 2315 1567 2406 αὐτῷ
1596 2310 1702 2405 ἦεσαν.
1750 2324 1847 2405 τῆςίθ)

370 2435 489 2511 πόλεως
513 2435 609 2525 ἀγχοῦ
631 2434 786 2524 γενόμενοι
802 2433 934 2524 Ἱρέριον
959 2439 1012 2524 μέν
1024 2443 1058 2522 ¹9)
1086 2435 1179 2525 ἀλίγιρ
1201 2437 1369 2523 ἔμπροσθεν
1388 2434 1436 2512 ξδν
1456 2434 1650 2524 στρατιώταις
1664 2444 1720 2504 τῶν
1738 2435 1853 2526 Στότίρ

371 2559 524 2642 ἑπομένων
548 2557 622 2623 τισίν
646 2556 793 2644 ἔπεμψαν,
820 2556 1032 2645 Μαυρουσίους
1054 2558 1231 2644 δεδεμένους
1254 2559 1347 2644 δῆθεν
1370 2561 1547 2646 ἀφέλκοντα,
1575 2555 1660 2625 αότοί
1679 2558 1713 2624 δὲ
1728 2553 1852 2626 ὄπισθεν

372 2677 502 2744 εἵποντο.
550 2678 601 2742 καί
632 2683 675 2764 τῷ
699 2673 823 2765 Ὶμερίιρ
853 2679 946 2744 εἰπεῖν
976 2681 1038 2752 τοῖς
1064 2679 1210 2767 ἐφεστῶσι
1232 2679 1297 2752 ταῖς
1319 2684 1371 2764 τῆς
1392 2675 1509 2753 πόλεως
1531 2673 1638 2752 πόλαις
1661 2680 1848 2762 ἐπέστελλον,

373 2795 414 2871 ὡς
438 2795 532 2885 νικῴη
557 2798 610 2883 μέν
633 2794 711 2864 κατά
733 2794 842 2884 κράτος
864 2796 881 2865 ὁ
905 2800 1053 2884 βασιλέως
1076 2795 1217 2885 στρατὸς,
1249 2793 1313 2886 ἦίει
1335 2798 1368 2864 δὲ
1394 2794 1540 2884 Ἰωάννης
1563 2794 1670 2866 αὐτίκα
1693 2796 1731 2886 δῆ
1756 2797 1849 2885 μάλα,

372 2921 488 3004 πλῆθος
522 2916 722 3003 Μαυρουσίων
751 2915 991 3005 δοριαλώτωνέθ)
1031 2911 1112 3005 ἄγων
1143 2916 1274 3005 ἀριθμοῦ
1302 2921 1458 3006 κρεῖσσον·
1498 2913 1576 2986 οὕτω
1604 2943 1637 2984 τε
1666 2923 1725 2985 τῶν
1754 2925 1853 2986 πυλῶν

373 3038 473 3125 σφίσιν
498 3034 736 3124 ἀνοιγνυμένων,
770 3035 852 3112 ἐντὸς
881 3045 933 3105 τοῦ
961 3035 1122 3126 περιβόλου
1151 3035 1200 3110 ἰόν
1223 3042 1284 3113 τοῖς
1308 3035 1372 3124 δίμα
1395 3035 1477 3127 αότῷ
1501 3037 1579 3106 ἰοῦσι
1601 3041 1754 3125 γενέσθαι.
1802 3039 1854 3107 καὶ

368 3156 388 3223 δ
412 3159 466 3244 μέν
488 3155 567 3224 κατά
588 3163 683 3225 ταῦτα
707 3160 811 3225 ἐποίει.
851 3155 1069 3246 Ἀδραμητηνοί
1078 3161 1115 3242 21)
1141 3159 1176 3224 δὲ
1198 3154 1292 3233 οότως
1315 3161 1553 3245 ἐξαπατηθέντες
1581 3154 1625 3242 (οό
1640 3155 1699 3247 γάρ
1719 3156 1853 3226 ἀπιστεῖν

372 3285 415 3366 τῷ
443 3274 562 3344 πάντων
595 3271 720 3366 άρχοντι
749 3283 805 3344 τῶν
834 3281 865 3344 ἐν
889 3277 1034 3366 Βυζακίιρ
1065 3283 1254 3366 στρατιωτῶν
1283 3279 1378 3368 εἶχον)
1411 3277 1464 3353 τὰς
1492 3276 1587 3353 πυλάς
1614 3276 1853 3354 ἀναπετάσαντες

372 3395 441 3484 τοὺς
463 3400 626 3485 πολεμίους
647 3399 799 3487 ἐδέχοντο.
840 3395 907 3465 τότε
929 3397 967 3486 δὴ
990 3401 1019 3466 οί
1042 3396 1090 3472 Εδν
1113 3404 1156 3488 τῷ
1172 3396 1297 3487 Ἱμερύμ
1319 3396 1460 3486 ἐσβάντες
1478 3397 1665 3484 σπασάμενοι
1679 3396 1717 3465 τά
1732 3401 1801 3487 ξίφη
1812 3403 1848 3485 ²²)

372 3515 425 3593 τάς
446 3516 542 3594 πυλάς
565 3521 732 3586 ἐπιτιθέναι
753 3515 822 3593 τοός
845 3516 939 3606 ταότγ)
963 3516 1100 3606 ρόλακας
1124 3517 1178 3588 οὐκ
1201 3521 1245 3586 ἔτι
1268 3519 1356 3603 εἴων,
1390 3515 1459 3586 ἀλλ’
1487 3513 1602 3585 ἅπαντα
1623 3545 1661 3606 τη
1682 3517 1770 3584 πόλει
1792 3515 1854 3586 αό-

372 3641 441 3704 τίκα
462 3640 601 3712 ἐδέξαντο
624 3637 673 3706 τὸν
697 3645 755 3705 τῶν
781 3638 981 3726 Μαυρουσίων
1004 3637 1141 3728 στρατόν.
1187 3638 1367 3725 ληισάμενοί
1392 3666 1426 3706 τε
1456 3635 1549 3726 αιἰτῆν
1579 3642 1608 3704 οί
1633 3635 1781 3727 βάρβαροι
1803 3638 1854 3705 καί

217 3782 248 3845 p.
275 3765 336 3825 511
373 3757 511 3846 φόλακας
534 3757 796 3846 καταστησάμενοι
818 3756 938 3846 ὀλίγους
959 3757 1042 3834 τινάς
1064 3757 1305 3846 ἀπηλλάσσοντο.
1346 3758 1514 3846 Ῥωμαίων
1536 3760 1570 3826 δέ
1592 3763 1651 3824 τῶν
1675 3761 1870 3847 ίωγρηθέν-’

372 3905 431 3944 των
462 3880 538 3954 τινἐς
570 3880 623 3966 μὲν
654 3877 814 3968 ρεόγοντες
845 3883 876 3954 ἐς
899 3877 1088 3968 Καρχηδόνα
1115 3872 1229 3966 ἦλθον,
1262 3883 1294 3947 ἐν
1325 3881 1369 3955 οἷς
1393 3874 1578 3980 Σεβηριανός
1599 3905 1632 3945 τε
1653 3880 1704 3946 καί
1722 3877 1853 3969 Ἱμέριος

373 3992 421 4085 ἦν.
469 4004 504 4066 ἐκ
528 3998 730 4086 Μαυρουσίων
753 3997 811 4086 γάρ
833 4003 896 4074 τοῖς
918 3997 1039 4090 ιρεόγειν
1062 4001 1218 4067 ἐθέλουσιν
1241 3997 1277 4067 οό
1298 3997 1433 4088 χαλεπόν
1456 3993 1505 4086 ἦν.
1543 3999 1651 4066 πολλοὶ
1673 3999 1707 4066 δέ
1729 4001 1780 4066 καί
1805 3998 1852 4073 ἱόν

373 4125 417 4206 τῷ
436 4116 549 4204 Στότίρ
571 4112 608 4187 οό
629 4145 658 4185 τι
681 4113 802 4195 ἄκοντες
825 4121 957 4206 ἔμειναν.
991 4121 1104 4188 Paullo
1118 4128 1192 4206 post
1219 4116 1330 4208 (χρόνιρ
1346 4120 1380 4186 δὲ
1396 4117 1432 4187 οό
1446 4123 1550 4208 πολλῷ
1565 4112 1697 4207 ὕστερον)
1723 4121 1854 4188 Hadru-

373 4247 493 4306 metum
514 4241 650 4306 Βοιωτοί
672 4248 872 4327 recuperant.

217 4382 250 4446 μ.
275 4363 340 4426 512
461 4359 492 4426 οί
513 4385 545 4426 τε
568 4357 759 4448 Μαυρούσιοι
781 4358 975 4448 ἀδεέστερον,
1005 4354 1057 4424 άτε
1080 4356 1200 4433 οόδενὸς
1223 4361 1323 4446 σφίσιν
1346 4357 1529 4442 ἐπεξιόντος,
1554 4351 1628 4446 ἦγόν
1649 4384 1682 4425 τε
1704 4361 1756 4426 καί
1778 4360 1852 4449 ἔρε-

375 4504 427 4567 ρον
454 4473 573 4546 ἅπαντα
603 4481 657 4546 καί
686 4479 735 4553 ξὺν
763 4476 867 4555 αιἰτοῑς
894 4478 911 4548 δ
937 4476 1068 4553 Στότζας
1098 4482 1129 4544 ἐν
1157 4478 1286 4564 δυνάμει
1313 4473 1353 4544 ῶν
1381 4473 1452 4565 ἤδη.
1502 4477 1657 4565 Ῥωμαῖοι
1682 4475 1739 4567 γάρ
1771 4475 1855 4567 αὐτῷ

218 4621 252 4685 p.
277 4603 341 4666 513
376 4605 555 4686 στρατιῶται
576 4601 683 4667 πολλοί
705 4600 834 4684 εἵποντο,
860 4601 890 4667 οί
911 4601 967 4687 μὲν
990 4596 1154 4684 αὐτόμολοι
1175 4591 1309 4684 ἥκοντες,
1333 4601 1365 4664 οί
1386 4598 1421 4664 δέ
1442 4595 1510 4665 κατ’
1538 4595 1636 4686 ἀρχὰς
1655 4600 1712 4684 μὲν
1736 4597 1852 4687 αἰχμά-

373 4723 466 4786 λωτοι
487 4723 695 4807 γεγενημένοι,
722 4716 893 4788 ίδελυόσιοι
915 4721 949 4786 δέ
972 4716 1065 4786 αὐτοῦ
1086 4721 1250 4804 μείναντες.
1295 4713 1439 4806 Ἰωάννης
1462 4719 1506 4801 δέ,
1532 4713 1567 4784 οὗ
1589 4715 1674 4806 δίίί)
1702 4717 1789 4806 λόγος
1811 4745 1855 4793 τις

376 4831 413 4925 ἦν
437 4842 468 4905 ἐν
490 4838 708 4927 Μαυρουσίοις,
735 4841 852 4927 Σεργίῳ
874 4837 1119 4926 προσκεκρουκώς
1140 4841 1171 4913 ἐς
1194 4837 1231 4904 τά
1251 4835 1383 4924 μάλιστα
1404 4836 1536 4926 ἡσυχίαν
1557 4831 1642 4926 ἦγεν.
1657 4859 1670 4879 “

463 4962 514 5024 24.
541 4963 573 5026 ἐν
595 4956 737 5048 τοότιρέί)
764 4959 797 5025 δέ
820 4955 960 5047 βασιλεὺς
983 4951 1075 5026 ἀλλον
1098 4962 1129 5034 ἐς
1152 4955 1265 5046 Λιβόην
1289 4956 1453 5046 στρατηγὸν
1477 4954 1664 5047 Ἀρεόβινδον
1688 4955 1735 5032 ἰόν
1760 4984 1853 5047 στρα-

375 5075 495 5154 τιώταις
517 5074 630 5165 όλίγοις
651 5079 727 5146 τισίν
749 5079 893 5167 ἔπεμψεν,
918 5073 1015 5168 ἀνδρα
1038 5083 1073 5146 ἐκ
1097 5083 1208 5168 βουλῆς
1231 5080 1285 5165 μέν
1308 5078 1360 5144 καί
1383 5071 1417 5144 εὖ
1438 5074 1593 5164 γεγονότα,
1621 5078 1717 5167 ἔργων
1741 5079 1774 5145 δέ
1795 5105 1854 5145 πο-

377 5201 489 5288 λεμίων
512 5195 651 5286 οὐδαμῶς
673 5199 834 5287 ἔμπειρον·
873 5200 925 5267 καί
944 5198 995 5273 ίίιν
1019 5197 1102 5287 αὐτῷ
1121 5196 1298 5268 Ἀδανάσιον
1319 5194 1458 5287 ὕπαρχον
1468 5201 1504 5285 ²⁵)
1533 5191 1600 5286 άρτι
1622 5200 1654 5273 ἐξ
1673 5193 1805 5274 Ἰταλίας
1814 5202 1851 5284 ²⁶)

307 5526 348 5592 15)
370 5529 405 5578 al.
421 5524 544 5579 ίππικιῖιν.
635 5528 674 5590 16)
692 5529 729 5580 σί.
745 5524 838 5578 αὐτῶν.
930 5526 971 5590 17)
991 5529 1026 5579 al.
1048 5523 1236 5596 στρατεύεσθαι.
1328 5525 1367 5590 18)
1390 5529 1424 5577 σί.
1441 5531 1488 5595 της
1503 5542 1540 5578 τε.
1632 5525 1672 5588 19)
1693 5527 1726 5576 al.
1743 5525 1789 5593 μέν
1802 5543 1851 5578 τοι.

220 5611 260 5676 20)
281 5615 317 5664 αὶ.
338 5610 502 5682 δοριάλωτον.
626 5612 670 5677 21)
689 5615 724 5664 al.
745 5611 929 5682 ἀδραμυτηνολ.
1054 5612 1095 5676 22)
1117 5616 1149 5665 αὶ.
1169 5611 1202 5666 τὰ
1219 5610 1279 5682 ξίιρη
1298 5617 1430 5664 omittitur.
1554 5611 1595 5676 23)
1616 5613 1650 5664 al.
1672 5609 1704 5680 δι)
1723 5616 1853 5664 οπιίιιίίυτ.

220 5697 262 5762 21)
283 5699 317 5749 σί.
337 5697 447 5758 τούτοις.
554 5698 595 5762 25)
617 5701 651 5748 σί.
673 5697 796 5770 ἔπαρχον.
901 5699 942 5762 26)
964 5702 1000 5750 σί.
1020 5695 1124 5752 ίταλῶν.

299 5797 422 5842 Cotum.
1636 5796 1650 5850 1
