4546 6420
877 426 880 435 .
905 386 1143 446 ‚Pnoosrssvm
1696 389 1844 456 XXXIII

212 607 397 690 Sequuntur
411 628 522 674 versus
542 608 605 675 duo
626 609 791 676 intellectu
814 617 879 676 tam
902 608 1061 694 difficiles,
1087 618 1131 692 nt,
1157 633 1233 678 num
1255 631 1384 698 prorsus
1406 612 1538 696 genuini
1561 612 1693 697 sanique
1716 612 1759 680 ad
1780 632 1839 680 nos
1893 597 1897 606 ’

212 727 424 812 pervenerint,
452 728 669 814 dubitemffljr.

522 867 554 930 ll
578 869 617 932 ts
640 887 700 933 nee
722 873 851 948 cessant
872 868 1009 952 populos
1029 866 1164 934 infausti
1186 866 1310 934 mittere
1333 869 1455 953 campi,

640 989 719 1054 quos
741 970 907 1036 Talanteis
929 969 1036 1036 nutrix
1058 969 1199 1054 suscepit
1220 969 1260 1035 ab
1284 969 1371 1035 arvis

640 1073 817 1138 Tillibaris.

212 1208 361 1274 Tillibari
383 1216 557 1274 memorata
580 1216 702 1276 tentum
724 1217 847 1276 constat
869 1208 958 1276 haud
979 1210 1074 1293 longe
1097 1209 1236 1294 aSyrtis
1259 1211 1389 1276 minoris
1412 1211 1474 1276 oris
1496 1218 1611 1296 poe'tae
1630 1213 1839 1295 cogitationes

213 1328 346 1395 versari.
392 1329 476 1395 Nam
506 1330 671 1397 Tillibaris
699 1331 733 1396 in
761 1330 871 1397 limitis
899 1329 1088 1414 Tripolitani
1117 1338 1207 1415 parte
1236 1330 1428 1398 occidentali
1457 1330 1520 1398 sita
1550 1352 1570 1396 a
1600 1331 1687 1416 Syrti
1717 1332 1838 1399 minore

213 1449 381 1516 meridiem
402 1469 515 1516 versus
537 1451 641 1536 spatio
662 1470 725 1515 non
748 1451 846 1516 nimio
868 1449 1085 1533 distabat¹⁷⁶}.
1124 1451 1285 1517 Talantes
1299 1472 1377 1517 arva
1391 1450 1468 1518 inde
1490 1451 1579 1518 haud
1599 1451 1695 1536 longe
1717 1452 1838 1520 afuisse

214 1569 276 1636 loci
305 1570 455 1656 Corippei
484 1591 606 1638 conexu
637 1570 745 1636 doceri
773 1569 916 1652 videtur,
950 1589 1022 1635 cum
1050 1569 1215 1637 ‘lillibaris
1242 1571 1335 1654 quasi
1365 1571 1471 1637 nutrix
1501 1572 1674 1638 Talanteos
1702 1574 1838 1658 populos

212 1691 377 1775 suscipere
400 1689 536 1756 dicatur.
583 1691 710 1769 Quare
733 1690 817 1756 alius
840 1689 965 1756 castelli
987 1690 1021 1755 in
1043 1690 1144 1757 limite
1167 1691 1365 1776 Tripolitano
1387 1690 1495 1776 positi,
1520 1692 1750 1775 Talalatorum,
1780 1714 1840 1759 no-

214 1831 288 1875 men
311 1811 362 1877 hio
385 1811 486 1877 latere
509 1811 689 1895 suspicatus
716 1809 923 1876 ‘Talalaieis'
947 1810 1075 1894 reposui
1087 1814 1151 1896 ¹²⁷).
1200 1811 1265 1876 Sed
1287 1811 1455 1894 maiorem,
1482 1831 1577 1893 quam
1601 1832 1641 1878 ex
1664 1813 1715 1878 his
1737 1815 1839 1880 versi-

213 1931 291 2012 bus,
324 1930 460 1997 fmctum
488 1931 522 1996 in
551 1950 678 2015 pugnae
702 1929 897 1996 Gallicensis
920 1931 989 1996 loco
1010 1929 1196 2014 indagando
1219 1952 1259 1997 ex
1280 1931 1338 2013 iis,
1373 1933 1427 2014 qni
1452 1931 1518 1997 iam
1541 1939 1731 2016 sequuntur,
1765 1955 1840 2020 per-

213 2051 360 2136 cipimus.

779 2171 967 2253 iunctasque
990 2171 1071 2236 mari
1092 2169 1247 2237 distendit
1268 2171 1406 2237 harenas

575 2273 678 2340 Marta
699 2273 777 2338 mali
798 2273 962 2358 genetrix,
987 2273 1095 2340 tristes
1118 2293 1197 2357 quos
1220 2294 1349 2340 eernere
1372 2293 1501 2359 campos

574 2375 709 2442 vitasset
731 2376 875 2442 Romana
897 2395 1029 2456 manus,
1055 2376 1089 2441 ni
1112 2376 1179 2442 fata
1201 2376 1368 2444 dedissent

573 2479 685 2545 invida
708 2499 823 2563 saepe,
849 2479 942 2545 bonis
965 2480 1056 2562 licet,
1084 2480 1195 2546 ultime
1217 2501 1363 2565 rumpere
1385 2481 1451 2546 fila.

215 2617 308 2682 Certe
338 2615 458 2698 cladis,
491 2638 555 2701 qua
577 2617 737 2683 Iohannes
767 2623 943 2683 ceterorum
972 2617 1112 2683 omnium
1141 2617 1335 2702 proeliorum
1364 2618 1646 2684 victoriistrieum
1669 2619 1841 2686 infinibus

215 2736 355 2802 afflictus
385 2744 450 2818 est,
485 2756 606 2802 memor
634 2743 728 2822 poe'ta
757 2736 815 2802 hos
845 2737 984 2822 gemitus
1014 2736 1120 2802 mittit.
1168 2737 1248 2802 Cum
1270 2738 1415 2803 Martae
1438 2738 1574 2824 Oon’ppo
1596 2739 1674 2805 mali
1696 2742 1843 2824 genetrix

215 2865 359 2940 vocetur,
386 2858 519 2940 eiusque
542 2856 701 2922 mentione
723 2877 852 2958 pugnae
875 2856 963 2922 illius
986 2856 1124 2922 infelicis
1147 2857 1301 2922 memoria
1323 2857 1509 2940 suscitetur,
1535 2858 1589 2924 vix
1612 2860 1707 2926 credo
1730 2882 1843 2948 quem-

214 2999 312 3062 quam
334 2978 551 3044 dubitaturum
574 2995 657 3058 esse,
683 2976 759 3060 quin
783 2966 926 3061 proxime
948 2997 969 3042 a
989 2997 1117 3063 pugnae
1139 2977 1209 3042 loco
1223 2976 1327 3042 Marta
1349 2977 1477 3044 afuerit.
1517 2978 1587 3044 Iam
1601 3000 1676 3046 vero
1692 2981 1842 3063 quoniam

214 3099 351 3163 Martem
374 3119 395 3163 a
416 3100 547 3182 Tacape
574 3099 667 3179 (nunc
690 3095 831 3180 Gabes),
865 3097 969 3182 Syrtis
991 3096 1123 3162 minoris
1145 3095 1262 3182 oppido
1284 3097 1468 3180 notissimo,
1502 3120 1544 3164 m.
1570 3121 1603 3184 p.
1621 3101 1653 3164 X
1675 3101 1841 3168 meridiem

215 3237 327 3284 versus
355 3217 476 3284 afuisse
506 3239 524 3284 e
551 3217 678 3282 Tabula
705 3216 942 3301 Peutingerena
970 3216 1282 3302 comperiamusflb,
1323 3217 1378 3283 ubi
1414 3239 1524 3304 pugna
1558 3219 1616 3285 illa
1646 3219 1840 3288 Gallioensis

214 3338 366 3404 Romanis
388 3337 526 3404 adverse
549 3337 718 3403 commissa
741 3336 792 3417 sit,
819 3337 898 3402 satis
920 3337 1119 3422 exploratum
1141 3344 1201 3402 est.

299 3477 370 3555 Qua
392 3475 578 3560 quaestione
599 3473 768 3559 profligata
790 3475 832 3540 ad
855 3475 953 3540 aliam
975 3475 1084 3559 paullo
1106 3475 1210 3558 magis
1232 3474 1414 3542 intricatam
1436 3477 1638 3545 accedamus.
1671 3478 1839 3546 Exercitus

213 3597 347 3663 Romani
370 3616 467 3682 prope
491 3595 627 3660 lilartam
649 3594 724 3660 vieti
746 3614 838 3679 pars,
873 3595 932 3661 cui¹
945 3594 1107 3660 Iohannes
1135 3595 1207 3680 ipse
1236 3603 1400 3681 praeerat,
1433 3598 1467 3662 in
1495 3597 1647 3683 oppidum
1677 3598 1839 3683 quoddam

213 3738 347 3806 parvum
376 3715 515 3782 vicinum
544 3733 579 3781 se
608 3715 810 3800 recepit¹⁷⁹i,
844 3734 920 3800 pers
949 3715 1015 3780 alia
1036 3714 1116 3798 fuga
1137 3715 1283 3799 longiore
1305 3715 1339 3780 in
1361 3716 1452 3783 aliud
1473 3717 1626 3803 oppidum
1648 3719 1750 3786 litoris
1773 3721 1841 3805 By-

214 3837 382 3922 zaceni¹⁸⁰l
410 3837 544 3920 abrepta
559 3841 617 3916 est,
637 3834 734 3901 euius
755 3855 871 3901 nomen
893 3834 927 3901 in
950 3832 1059 3901 codice
1082 3834 1283 3901 'Privultiano
1305 3835 1399 3902 modo
1416 3836 1496 3903 satis
1510 3839 1680 3924 perspicue
1706 3840 1836 3923 ‘uinci’,

214 3959 308 4026 modo
334 3959 384 4024 ita
412 3963 447 4022 ut
475 3963 507 4022 et
537 3956 654 4022 ‘uinci'
685 3962 718 4022 et
749 3954 865 4022 ‘iunci’
896 3953 964 4038 legi
992 3954 1111 4040 possit,
1145 3962 1310 4022 exaratum
1336 3958 1460 4040 est¹⁸¹).
1509 3958 1663 4028 Similiter
1683 3960 1838 4027 Ferrandi

303 4253 360 4314 175)
382 4253 503 4300 Versibus
523 4248 564 4299 ts,
585 4250 617 4299 ts
636 4252 702 4298 inter
720 4264 746 4299 se
765 4251 923 4298 commutetis
942 4249 1033 4297 mellus
1051 4250 1127 4298 oratio
1146 4249 1297 4310 procederet.

303 4348 358 4408 116)
380 4349 413 4397 it.
434 4349 495 4396 Ant.
517 4361 542 4408 p.
563 4347 604 4409 75,
627 4347 652 4399 5.
689 4345 746 4394 Not.
766 4346 843 4406 Dign.
864 4344 921 4394 Oce.
942 4345 1023 4394 XXV.

304 4443 360 4505 177)
381 4443 414 4492 lt.
435 4443 496 4490 Ant.
517 4456 543 4503 p.
564 4441 604 4490 16.
643 4441 700 4489 Not.
721 4441 796 4500 Dign.
818 4438 875 4490 Oce.
895 4439 989 4488 Xlllll.
1027 4439 1091 4487 Eum
1108 4440 1190 4488 locum
1208 4438 1330 4487 Tsislstos
1349 4443 1474 4499 tenuisse,
1495 4454 1570 4503 quem
1589 4453 1655 4488 nuuc
1674 4443 1738 4491 Kssr
1757 4444 1837 4492 Titlet

213 4532 241 4578 in
260 4542 336 4589 regno
348 4528 479 4576 Tunetsno
497 4527 652 4576 meridiomii
670 4528 747 4575 sitnm
766 4527 814 4575 riri
832 4526 898 4574 docti
917 4524 1084 4586 crediderunt,
1105 4525 1149 4587 qul
1168 4524 1278 4572 tabulam
1290 4526 1476 4588 geographicsur
1489 4528 1590 4575 Airicse
1602 4529 1720 4590 sntiquse
1734 4529 1840 4578 Franco·

212 4617 329 4678 gellium
348 4613 546 4662 delineaverunt.
585 4611 659 4661 curte
681 4612 713 4660 de
737 4613 859 4674 l'riirique
883 4625 941 4661 sous
965 4611 988 4658 is
1012 4611 1164 4659 deminution
1188 4610 1231 4657 des
1251 4610 1369 4658 Romulus
1393 4611 1492 4660 dressde
1515 4627 1547 4660 su
1566 4609 1642 4674 ddpdt
1658 4613 1689 4662 ds
1708 4616 1732 4662 ls
1749 4630 1837 4676 guerre

215 4702 310 4764 d'spris
327 4701 363 4748 les
382 4705 487 4748 trsrsux
504 4697 535 4746 de
554 4698 589 4747 M.
609 4698 649 4747 Fr.
671 4699 774 4747 Laeroix
792 4712 837 4762 psr
855 4697 889 4748 Μ.
911 4697 964 4746 Neu
982 4698 1014 4745 de
1032 4695 1193 4758 Chsmplouls
1217 4696 1288 4744 Paris
1308 4693 1383 4746 1861.
1422 4696 1472 4745 Sed
1496 4698 1554 4745 huie
1577 4699 1734 4748 coniecturae
1759 4704 1838 4751 nomi-

216 4801 278 4836 num
295 4792 395 4834 tunturn
414 4784 581 4833 similitudine
599 4786 674 4833 nixas
692 4785 851 4832 itinerarium
869 4796 918 4831 non
936 4785 1013 4833 ieret.
1660 4773 1662 4777 ’

305 4879 361 4940 118)
383 4880 445 4930 st.
466 4879 537 4928 Peut.
559 4893 637 4940 segm.
656 4879 691 4948 Vl
710 4879 741 4928 D.
781 4878 807 4928 Si
828 4879 957 4926 nominum
975 4877 1054 4938 megis
1072 4876 1235 4924 similitudini
1253 4889 1328 4938 quem
1346 4875 1454 4924 Tabulae
1473 4877 1584 4924 numeris
1602 4878 1725 4927 confidere
1742 4879 1835 4940 liceret,

216 4969 321 5017 Martum
340 4981 389 5016 non
408 4966 441 5024 x,
462 4967 505 5014 sed
524 4965 597 5014 XXV
615 4979 649 5014 nr.
669 4980 694 5028 p.
715 4965 842 5014 meridiem
860 4977 948 5012 versus
966 4976 980 5011 s
998 4962 1095 5025 'l'sospe
1114 4963 1206 5010 ciuisse
1225 4961 1376 5024 suspicarer,
1398 4962 1442 5009 ubi
1461 4963 1531 5010 vicus
1549 4962 1615 5010 haud
1633 4965 1740 5024 exiguus
1759 4965 1838 5015 lieret

216 5057 282 5104 situs
300 5060 347 5107 est,
369 5052 412 5115 qni
430 5054 479 5100 lem
498 5052 573 5100 medii
591 5052 646 5099 sevi
664 5067 678 5099 s
696 5051 859 5112 scriptoribus
878 5053 1035 5098 memoretur.
1073 5048 1160 5096 lisrite
1179 5047 1246 5110 spud
1265 5047 1540 5108 Scheiirh-st-Tidjsni.
1561 5047 1660 5109 Voysge
1678 5049 1740 5098 dens
1758 5051 1781 5098 is
1799 5053 1837 5099 rd-

216 5153 292 5201 gsnes
310 5139 341 5188 ds
359 5139 448 5187 Tunis.
486 5137 573 5188 Jouro.
595 5138 674 5186 Arist.
695 5137 760 5185 serie
777 5136 809 5184 V.
830 5133 898 5184 tbms
914 5137 927 5183 I
944 5149 971 5197 p.
993 5133 1049 5184 1111.
1088 5133 1164 5182 blsrts
1183 5132 1250 5195 apud
1268 5132 1352 5181 iioun
1369 5131 1476 5182 Ahmed.
1497 5133 1657 5196 Explorstion
1677 5136 1837 5199 selentithus

215 5226 246 5274 de
260 5225 377 5286 i'Algtrie
389 5223 426 5270 lx
445 5225 513 5272 l’sris
528 5221 594 5274 isio
607 5239 631 5286 p.
647 5223 706 5273 267.
737 5221 854 5271 Ceterum
873 5221 967 5269 Martae
985 5227 1083 5284 prester
1100 5219 1260 5279 Anonymurn
1277 5219 1448 5268 Rsrsnnstenr
1467 5220 1614 5282 scriptorum
1633 5227 1746 5270 veterum
1764 5237 1838 5272 nemo

216 5313 369 5361 mentionem
387 5311 476 5359 iecisse
493 5311 603 5368 ridetur,
624 5312 672 5359 nisi
691 5311 752 5358 torte
769 5307 815 5356 lroc
832 5307 981 5370 oppidulum
999 5307 1099 5356 nornine
1117 5301 1251 5373 blapdupd
1269 5306 1402 5354 denotetur
1419 5307 1445 5353 in
1464 5295 1573 5368 Appiani
1591 5306 1693 5356 Punicis
1712 5309 1753 5360 55.

304 5403 361 5466 iis)
382 5402 436 5454 Cor.
456 5405 510 5454 loir.
531 5404 578 5450 vti
598 5401 675 5460 1-3ΙΙ

304 5499 360 5562 180)
382 5498 436 5548 Gor.
456 5499 511 5548 Iob.
532 5499 580 5546 Vll
601 5497 737 5550 1411391.
759 5495 818 5546 ³92.
839 5495 958 5546 111120.
980 5494 1021 5545 26,

303 5595 361 5656 isi)
383 5594 438 5643 Cor.
458 5594 511 5643 loir.
531 5594 581 5642 Vll
599 5593 645 5644 391
667 5594 745 5648 uinci.
781 5590 1048 5642 losannensem.
1086 5591 1135 5638 vn
1155 5589 1212 5640 111.
1236 5588 1283 5640 136
1303 5591 1370 5640 uinci
1388 5591 1426 5638 vei
1444 5590 1521 5638 iunci.
1561 5589 1621 5638 viii
1641 5587 1673 5638 20
1692 5591 1836 5638 uincesibus

215 5685 254 5732 vei
272 5682 444 5731 iunosnsibus.

294 5781 415 5823 Goerrrrs.
1615 5790 1629 5829 e
