4546 6420
901 391 1132 450 Paconurvu.
1745 398 1838 468 xpp

197 616 327 682 demum
356 614 538 697 insequenti
569 621 670 679 totam
700 614 896 698 provinciam
917 613 1068 681 infecisse
1092 616 1388 702 suspicabimurlb.
1435 618 1550 703 Strage
1573 619 1737 687 bominum
1760 643 1836 707 per-

199 756 318 821 magna
340 734 469 800 morbus
491 733 689 818 pemiciosus
712 733 841 806 Africae
864 734 966 815 sires,
1000 756 1082 820 quae
1110 756 1284 821 paucorum
1310 757 1464 804 annorum
1487 741 1718 824 tranquillitate
1741 763 1836 808 reva-

199 857 336 936 luerant,
363 853 522 920 concussit
531 856 584 936 ⁷²}-
631 854 735 918 Tanta
758 860 791 919 ct
811 853 960 920 Afrorum
984 861 1016 920 et
1037 855 1174 921 militum
1197 856 1411 922 Romanorum
1433 878 1510 944 pars
1531 861 1643 946 periit,
1672 868 1709 927 ut
1729 862 1834 927 Mauri

199 974 342 1056 finitimi,
376 995 455 1056 quos
484 973 644 1040 exercitus
672 973 772 1039 validi
801 973 895 1039 timor
916 974 972 1040 diu
995 981 1195 1056 coercuerat,
1231 995 1289 1060 spe
1319 977 1537 1061 praedationis
1567 981 1708 1065 impunis
1738 983 1836 1048 erecti

199 1095 395 1181 provinciam
412 1093 648 1160 incursionibus
662 1101 818 1178 temptare
832 1093 1021 1179 inciperent.
1064 1096 1168 1178 Atque
1191 1095 1261 1180 ipso
1277 1096 1406 1180 quidem
1421 1095 1627 1182 pestilentiae
1642 1120 1726 1166 anno
1746 1061 1831 1186 (543i

199 1216 342 1299 contagii
363 1214 532 1280 formidine
555 1214 657 1280 territi
680 1214 863 1299 provinciae
885 1213 966 1280 fines
987 1214 1142 1280 invadere
1165 1236 1229 1280 non
1252 1217 1323 1281 ausi
1346 1224 1431 1282 sunt.
1475 1218 1541 1284 Sed
1563 1221 1671 1286 morbo
1695 1221 1835 1289 extincto

200 1337 308 1403 statim
339 1335 480 1418 undique
509 1333 760 1416 advolaruntlli.
808 1337 900 1401 Anno
922 1335 1022 1420 igitur
1044 1339 1105 1399 544
1128 1336 1250 1401 bellum
1272 1337 1450 1404 Mauricum
1479 1347 1580 1405 ortum
1611 1360 1683 1406 esse
1712 1349 1745 1407 et
1773 1343 1835 1408 bac

201 1456 330 1541 Gorippi
353 1454 535 1521 narratione
558 1461 590 1520 et
611 1453 687 1518 aliis
710 1454 854 1520 eiusdem
876 1463 991 1540 poetae
1014 1455 1092 1521 locis
1116 1455 1360 1538 demonstratur,
1387 1458 1503 1540 quibus
1525 1459 1636 1526 decem
1660 1482 1718 1546 per
1733 1482 1834 1528 annos

200 1577 314 1662 plenos
333 1577 523 1658 (534-5434
543 1574 647 1640 Mauri
662 1594 776 1658 pacem
792 1594 940 1641 seruasse
956 1575 1166 1659 4444444474).
1203 1575 1294 1653 Quae
1310 1577 1441 1662 Corippi
1455 1577 1638 1645 testimonio
1653 1601 1714 1663 ego
1730 1583 1832 1667 pluris

200 1697 285 1762 facio
307 1717 403 1779 quam
426 1693 562 1762 Victoris
585 1695 824 1776 Tununnensis,
852 1694 1014 1780 scriptoris
1037 1716 1149 1781 parurn
1173 1695 1349 1780 diligentis,
1375 1699 1608 1782 auctoritatem,
1634 1701 1690 1782 qui
1712 1722 1743 1767 a.
1771 1705 1833 1766 543

200 1818 323 1883 bellum
338 1815 430 1896 illud,
448 1835 512 1896 quo
527 1814 678 1880 Solomon
693 1833 867 1899 oppressus
883 1814 935 1898 sit,
962 1816 1122 1881 exarsisse
1138 1816 1286 1901 opinatur
1297 1820 1348 1901 75].
1380 1818 1493 1902 Neque
1508 1826 1686 1904 temporum
1702 1841 1835 1907 compu-

201 1936 314 2003 tationi
329 1936 507 2020 Corippeae
522 1934 695 2019 Procopius
709 1934 909 2016 adversatur,
936 1935 991 2017 qui
1006 1935 1187 2001 accuratius
1202 1955 1254 2001 444
1270 1945 1468 2022 pertractans
1484 1938 1565 2032 baec
1580 1939 1647 2005 fere
1663 1945 1830 2027 namatii).
1879 1939 1885 1949 '

289 2056 408 2135 Quarto
441 2075 524 2120 anno
557 2061 630 2138 post
662 2054 789 2120 felicem
823 2055 1002 2120 Solomonis
1035 2055 1068 2120 iu
1101 2063 1241 2121 montem
1274 2059 1447 2124 Aurasium
1485 2059 1739 2144 expeditionem,
1780 2064 1835 2147 qni

201 2197 304 2242 annus
335 2175 427 2259 regni
455 2175 624 2240 Iustiniani
634 2176 668 2258 ⁷⁷2!
712 2175 866 2258 septimus
896 2174 1039 2241 decimus
1070 2184 1139 2241 erat
1173 2177 1256 2258 (Kal.
1283 2179 1361 2261 Apr.
1388 2180 1450 2242 543
1473 2216 1517 2226 -—
1539 2180 1612 2244 Kal.
1639 2182 1715 2266 Apr.
1743 2185 1832 2266 544),

202 2297 351 2363 Afrorum
380 2316 432 2361 res
462 2315 637 2380 prosperae
666 2295 772 2361 subito
801 2295 834 2360 in
863 2294 957 2380 peius
985 2301 1127 2361 mutatae
1158 2304 1243 2362 sunt.
1291 2297 1359 2363 Hoc
1387 2298 1472 2364 enim
1494 2305 1637 2385 tempore
1659 2301 1836 2385 imperator

203 2416 368 2501 Sergium,
402 2415 582 2481 Solomonis
612 2414 720 2480 fratris
749 2414 869 2496 filium,
901 2415 1120 2500 Tripolitanae
1143 2416 1327 2501 provinciae
1350 2418 1515 2503 praefecit.
1563 2419 1627 2498 Qui
1648 2441 1719 2486 cum
1742 2423 1836 2508 Lepti

203 2557 322 2620 magna
345 2543 607 2616 commoraretur,
641 2534 703 2600 buc
726 2535 970 2619 Laguantenses
1000 2535 1129 2601 barbari
1156 2535 1284 2601 finitimi
1311 2557 1445 2604 munera
1475 2539 1645 2605 sollemnia
1674 2544 1836 2627 accepturi

203 2664 235 2723 et
258 2656 298 2722 de
321 2676 400 2741 pace
423 2655 582 2752 firmanda
603 2656 705 2720 acturi
728 2675 845 2739 magno
868 2675 941 2734 cum
964 2655 1107 2722 exercitu
1129 2645 1295 2722 venerunt.
1342 2658 1380 2722 ln
1403 2659 1573 2742 colloquio,
1600 2661 1686 2743 quod
1708 2662 1839 2728 Mauro-

202 2797 274 2842 rum
297 2776 440 2842 exercitu
463 2775 540 2841 foris
565 2782 669 2840 castra
691 2783 829 2860 ponente
851 2775 885 2840 in
907 2775 987 2842 urbe
1010 2776 1248 2858 conserebatur,
1275 2797 1357 2842 unus
1380 2798 1398 2844 4
1420 2779 1578 2861 barbaris,
1604 2780 1659 2864 qui
1681 2800 1837 2865 arrogan-

203 2897 269 2962 tius
291 2896 439 2979 Sergium
463 2895 609 2979 tetigisse
633 2895 750 2976 fertur,
777 2889 928 2961 satellitis
951 2896 1086 2961 Romani
1108 2895 1218 2980 gladio
1241 2897 1409 2963 confossus
1432 2905 1491 2964 est.
1540 2899 1696 2966 Omnibus
1720 2901 1838 2968 deinde

203 3036 293 3082 arma
322 3015 549 3101 arripientibus
578 3023 610 3082 et
638 3015 776 3081 tumultu
806 3035 924 3098 magno
955 3015 988 3080 in
1015 3016 1136 3100 palatio
1159 3024 1226 3082 orto
1248 3017 1410 3099 octoginta
1431 3018 1639 3084 barbarorum
1662 3020 1835 3106 principes,

204 3137 259 3220 qui
281 3136 344 3202 fide
359 3143 503 3226 ⁴acceptu
525 3136 558 3201 in
582 3136 693 3202 urbem
716 3141 882 3217 uenerant,
908 3141 1037 3220 praeter
1060 3155 1157 3201 unum
1173 3155 1284 3201 omnes
1299 3137 1451 3203 trucidati
1467 3143 1601 3222 sontii).
1643 3141 1837 3224 Legatorum

204 3257 407 3322 sanctitatem
429 3263 495 3322 tam
515 3255 636 3340 perfide
659 3254 813 3320 violatam
836 3262 871 3319 ut
893 3254 1112 3336 ulcisceretur,
1138 3255 1320 3321 Maurorum
1343 3257 1503 3323 exercitus
1526 3259 1695 3326 confestim
1711 3261 1837 3346 Leptim
1856 3311 1859 3320 ,

204 3397 355 3461 magnam
370 3395 546 3460 aggressus
563 3381 623 3441 est.
664 3374 730 3440 Sed
745 3375 834 3439 uario
850 3374 952 3440 Marte
975 3395 1047 3440 cum
1070 3394 1171 3458 usquc
1194 3375 1237 3440 ad
1259 3382 1384 3443 noctem
1407 3385 1585 3462 pugnatum
1609 3387 1706 3461 esset,
1732 3381 1836 3447 Mauri

201 3497 324 3563 bellurn
347 3497 451 3562 maius
472 3496 617 3581 paraturi
639 3495 830 3561 discessere.
877 3493 1053 3576 Aliquanto
1076 3502 1183 3560 autem
1206 3503 1278 3580 post
1305 3492 1417 3584 (χρόνῳ
1440 3497 1473 3562 δὲ
1496 3489 1652 3586 ὕστερον),
1679 3521 1774 3584 anuo,
1801 3510 1837 3568 ut

289 3756 329 3818 44)
352 3757 417 3806 Vict.
434 3757 498 3805 Tun.
514 3756 605 3806 Obrou.
620 3756 660 3804 ed.
672 3755 783 3803 Borrcalli
796 3755 820 3801 ll
833 3769 857 3816 p.
871 3753 920 3802 3ῖο
935 3756 1176 3816 ‘postconsulatum
1190 3755 1276 3804 Basilii
1289 3771 1313 3804 u.
1328 3769 1349 3805 c.
1365 3771 1429 3805 4444
1442 3759 1475 3806 il.
1496 3759 1593 3808 Horum
1605 3761 1705 3809 exordia
1717 3761 1836 3810 malorum
1927 3781 1930 3790 ‚

201 3844 325 3904 generalis
343 3845 408 3891 orbis
427 3850 546 3891 terrarum
566 3841 701 3890 mortalitas
720 3841 845 3901 seqnitur,
864 3847 891 3888 et
909 3841 1043 3900 inguinum
1062 3841 1221 3903 percussione
1240 3843 1318 3890 maior
1335 3857 1392 3905 para
1410 3844 1558 3906 populorum
1577 3847 1702 3895 necatur'.
1717 3873 1753 3882 —
1770 3846 1835 3896 Cum

202 3929 310 3978 basilius
328 3942 393 3978 auno
411 3928 459 3978 544
481 3928 636 3976 consulatum
655 3928 760 3987 gesserit
779 3933 804 3973 et
823 3927 910 3974 Victor
926 3929 954 3974 in
972 3927 1045 3975 annis
1064 3927 1226 3975 numerandis
1245 3941 1274 3975 ea
1291 3929 1389 3976 rationo
1407 3931 1445 3977 uti
1464 3931 1551 3991 soleat,
1572 3935 1602 3978 ut
1619 3945 1701 3979 annus
1720 3933 1836 3986 consula-

201 4025 256 4063 tum
274 4015 400 4077 quandam
419 4017 556 4076 insequens
577 4013 672 4061 ‘annus
691 4012 818 4060 secundus
835 4019 891 4073 post
910 4012 1078 4060 consulatum’
1096 4013 1200 4075 dicatur,
1222 4039 1257 4050 -
1269 4013 1294 4061 44
1313 4014 1380 4075 quod
1399 4015 1447 4062 iam
1467 4015 1582 4064 Valesius
1600 4016 1783 4077 intellexit-,
1804 4019 1835 4066 ad

200 4115 294 4149 aunum
313 4099 377 4162 544,
400 4115 449 4150 444
469 4100 499 4147 44
517 4112 612 4147 aunum
631 4097 681 4146 543
700 4099 800 4157 Victor,
828 4100 933 4160 scriptor
951 4099 1024 4158 Ater,
1052 4099 1222 4160 pestilentiam
1241 4100 1335 4147 4444444
1353 4101 1462 4149 videtur.
1500 4101 1550 4149 Nec
1569 4108 1652 4150 444444
1671 4104 1830 4165 computatio,

200 4201 275 4248 quam
293 4187 364 4237 44444
384 4189 504 4246 fecimus,
529 4187 637 4233 Victoris
654 4184 810 4245 chronologia
828 4187 980 4233 contutatur.
1019 4183 1098 4232 04444
1117 4185 1200 4232 verbis
1218 4186 1358 4233 accuratius
1376 4187 1497 4248 inspectis
1517 4186 1628 4236 dubitari
1646 4189 1749 4250 nequit,
1771 4190 1834 4250 quin

200 4286 303 4336 aunum,
325 4286 374 4334 quo
392 4273 540 4336 pestilentia
558 4272 635 4319 latius
652 4285 697 4332 per
714 4272 798 4318 orbem
818 4271 922 4332 grassari
941 4275 1063 4331 coeperat,
1085 4283 1133 4317 nou
1153 4284 1220 4332 eum,
1241 4285 1290 4331 quo
1310 4271 1418 4319 Africam
1437 4274 1552 4331 vastavit,
1573 4274 1738 4322 denotaverit.

291 4358 331 4420 72)
353 4358 408 4408 Gor.
429 4358 483 4407 lob.
504 4358 541 4405 iil
559 4355 706 4406 atu-sto.

289 4444 330 4507 ts)
353 4444 406 4494 Cor.
429 4444 481 4493 lob.
501 4444 541 4492 lll
559 4441 705 4492 383-394,

290 4529 331 4594 74)
352 4531 407 4579 Gor.
429 4530 482 4580 lob.
502 4530 528 4578 44
546 4529 579 4578 34
598 4530 693 4576 tinibus
712 4530 737 4575 in
757 4528 858 4585 Libycis
876 4531 994 4587 suscepta
1011 4539 1072 4587 pace
1090 4524 1172 4572 tidelis

601 4606 646 4655 4444
668 4607 729 4664 tacti.
750 4603 863 4665 Autalas)
885 4604 949 4664 suit,
971 4603 1109 4664 plenosque
1127 4602 1213 4649 decem
1232 4602 1370 4662 perfecerat
1388 4617 1474 4652 anuos.

474 4693 511 4741 111
530 4691 580 4742 289
839 4691 930 4740 florens
948 4689 1010 4737 baec
1028 4687 1119 4745 gaudia
1137 4689 1216 4735 sensit

600 4773 682 4816 nostra
699 4768 785 4815 decem
803 4767 879 4818 telius
898 4766 985 4827 plenos
1003 4765 1086 4813 laxata
1105 4777 1149 4826 per
1167 4777 1254 4814 44444.

207 4839 208 4842 ¹
289 4855 328 4918 75)
351 4856 418 4904 Vict.
439 4856 504 4904 Tun.
525 4855 618 4904 Chron.
637 4855 677 4902 44.
699 4854 809 4902 Roucalli
827 4867 851 4915 p.
873 4851 932 4903 340.
970 4852 1002 4900 ci.
1024 4865 1048 4912 p.
1070 4849 1140 4898 xlx.

288 4941 327 5002 ib)
351 4943 463 5004 Procopii
484 4942 565 5004 capita
587 4941 693 5000 selecta,
720 4941 813 5000 quibua
838 4952 877 4987 raa
900 4937 960 4986 inde
978 4939 1009 4985 ab
1028 4950 1093 4985 anuo
1111 4934 1160 4984 543
1178 4937 1205 4983 44
1224 4937 1309 4984 Africa
1326 4941 1410 4997 gestae
1429 4941 1592 4995 4444444444,
1619 4940 1646 4985 44
1665 4940 1731 4988 44444
1750 4942 1826 5002 primi

201 5030 278 5077 buius
297 5030 417 5091 prooemii
435 5029 525 5090 capitis
543 5027 611 5088 typis
630 5039 747 5088 expressa
766 5026 892 5075 iuvenies.

289 5114 330 5176 it)
351 5115 465 5163 44444444
483 5117 617 5176 imperator
636 5112 692 5160 4444.
713 5114 779 5172 Aug.
800 5112 860 5159 anni
878 5109 926 5160 544
946 5115 1058 5158 mortuus
1078 5113 1124 5157 444.
1163 5108 1214 5156 b'ec
1231 5121 1290 5156 vero
1307 5110 1338 5156 ab
1355 5109 1401 5157 boc
1419 5107 1475 5168 dia,
1503 5107 1547 5156 444
1566 5122 1580 5156 4
1598 5107 1655 5158 ilai.
1677 5111 1738 5171 Apr.
1759 5112 1830 5160 eius-

200 5200 257 5249 dem
275 5203 336 5249 auui
354 5201 514 5248 lastinianus
531 5201 603 5260 regni
622 5212 700 5247 anuos
718 5199 868 5246 numeravit.
907 5198 941 5245 44.
961 5196 1021 5244 nov.
1043 5196 1107 5244 lust.
1129 5193 1170 5244 44.
1209 5193 1277 5241 Ρ444.
1297 5195 1322 5242 b.
1343 5193 1424 5243 Vaud.
1445 5194 1457 5240 1
1478 5193 1518 5244 12.

286 5285 328 5346 ts)
351 5286 545 5347 delegatorum
565 5285 709 5333 Maurorum
729 5284 830 5331 caedem
848 5281 950 5344 Corippi
968 5295 1056 5329 versus
1077 5280 1129 5328 lob.
1150 5277 1459 5342 1136-40pertiueut:

615 5370 681 5430 beu,
702 5370 774 5418 ducis
792 5370 877 5429 ignavi
895 5367 970 5431 quale
987 5367 1132 5416 indiscretio
1150 5367 1246 5415 bellum

615 5450 706 5508 morit,
727 5453 753 5495 44
770 5449 897 5495 extinctas
916 5447 976 5494 44444
994 5446 1145 5494 recalescere
1163 5445 1287 5492 namnas!

615 5533 676 5574 tuuc
694 5527 761 5574 furor
779 5526 875 5586 incepti
893 5525 977 5584 posuit
995 5523 1117 5584 plantaria
1135 5521 1231 5570 Martis.

616 5605 735 5667 perfidiae
753 5605 848 5651 crimen
868 5604 907 5650 vel
926 5607 1010 5660 4444444
1029 5603 1127 5649 semina
1145 5600 1232 5650 mortis

615 5685 650 5731 444
669 5682 748 5730 dedit.

278 5784 398 5826 (44444444.
