4576 6428
452 423 496 487 VI
1143 420 1367 478 PRAEFATIO.

533 665 619 730 p=
642 647 773 713 editio
802 646 997 733 princeps
1031 645 1163 713 Parisiis
1196 646 1237 712 ab
1271 646 1349 711 Iano
1382 645 1484 711 Parvo
1522 645 1631 723 {lehun
1663 641 1754 722 Petis
1794 643 1955 709 Ludovioo
1984 642 2058 707 XII.

449 773 603 850 regnante
632 767 799 853 impressa.
847 767 997 852 Sequitur
1024 767 1057 832 in
1080 788 1120 833 ea
1147 772 1220 852 post
1241 766 1421 852 passionem
1445 766 1505 830 VII
1533 771 1723 848 martyrum,
1757 783 1839 846 quae
1861 764 1894 828 in
1917 763 2063 865 omnibus

450 885 541 952 libris
563 907 659 953 manu
682 887 808 973 scriptis
830 887 964 955 Victoris
987 887 1138 954 historiae
1159 887 1287 953 adnexa
1309 893 1368 968 est,
1393 906 1496 952 sermo
1518 885 1559 952 de
1582 885 1617 950 S.
1643 883 1812 970 cypriano,
1842 884 1930 950 utin
1953 885 2063 952 codice

448 1005 661 1073 Bruxellensi.
709 1006 815 1074 Editio
846 1007 992 1075 Parisina
1019 1006 1253 1092 bibliographis
1282 1013 1314 1072 et
1343 1005 1517 1072 editoribus
1539 1005 1674 1072 Victoris
1703 1003 1814 1089 ignota
1841 1004 1975 1087 mansit,
2008 1007 2063 1088 qui

447 1267 519 1314 esse
548 1247 741 1315 existimant.
794 1249 884 1316 Idem
912 1248 982 1334 ipsc
1011 1268 1136 1332 quoque
1166 1253 1353 1333 putaverat,
1388 1267 1459 1314 cum
1489 1246 1647 1312 Victorem
1677 1266 1748 1312 cum
1778 1246 1851 1312 aliis
1879 1246 2069 1313 aucmribur

448 1367 600 1435 historiae
623 1368 860 1437 ecclesiasticae
882 1369 1032 1437 Basileus
1053 1391 1084 1436 a.
1106 1371 1187 1433 1535
1218 1388 1258 1435 ex
1281 1369 1390 1435 codice
1414 1367 1630 1434 Berolincnsis
1659 1367 1793 1433 anobis
1822 1366 1930 1434 collati
1959 1365 2062 1432 simil-

448 1487 524 1555 limo
545 1488 734 1575 publicaret.

533 1609 652 1674 Horum
673 1609 839 1694 librorum,
871 1629 952 1695 quos
973 1627 1085 1676 omnes
1105 1609 1167 1695 ipsi
1190 1609 1406 1693 excussimus,
1440 1607 1664 1675 Laudunensis
1694 1615 1729 1674 ut
1750 1607 1987 1675 vetustissimus
2016 1607 2063 1674 ita

446 1729 622 1814 scripturae
653 1729 793 1797 bonitate
822 1730 917 1816 longe
940 1729 1077 1816 optimus
1100 1737 1166 1810 est,
1200 1750 1238 1796 eo
1262 1750 1388 1813 quoque
1411 1729 1537 1797 nomine
1559 1729 1797 1811 aestimandus,
1830 1728 1916 1810 quod
1940 1729 2060 1795 homini

447 1829 556 1916 critice
571 1849 663 1933 quasi
678 1850 763 1916 viam
784 1857 948 1935 monstrat,
975 1871 1039 1935 qua
1059 1852 1117 1917 hos
1140 1851 1237 1917 libros
1251 1849 1459 1917 emendaturo
1482 1889 1522 1898 -
1544 1849 1692 1935 indigent
1704 1856 1811 1915 autem
1834 1868 1950 1932 magno
1965 1869 2060 1935 opere

446 1990 543 2037 manu
571 1969 786 2038 emendatrioe
808 1970 1114 2056 —ingrediendum
1144 1971 1195 2037 sit.
1257 1970 1342 2049 Quid
1371 1971 1478 2038 dicere
1499 1971 1596 2037 velim
1626 1970 1805 2037 accuratius
1834 1967 2060 2053 explicandum

447 2097 506 2157 est.
554 2091 635 2158 (inm
656 2091 825 2188 ppparatui
848 2091 957 2159 critico
979 2090 1159 2176 colligendo
1181 2111 1309 2176 operam
1331 2091 1451 2174 darem,
1483 2092 1618 2178 primum
1639 2090 1739 2158 incidi
1760 2090 1794 2156 in
1815 2089 1943 2157 codices
1964 2093 2061 2157 Barn-

448 2211 636 2295 bergensem
658 2219 691 2277 et
712 2211 1009 2295 vindobonensem,
1042 2231 1122 2295 quos
1144 2217 1256 2298 postea
1277 2212 1351 2278 aliis
1373 2212 1464 2279 libris
1485 2211 1639 2298 inspectis
1660 2211 1802 2278 familiae
1827 2231 1904 2278 suae
1926 2210 2061 2296 optimos

447 2352 519 2400 esse
542 2330 686 2416 cognovi.
733 2333 771 2397 In
792 2332 907 2416 quibus
929 2351 1000 2397 oum
1023 2332 1110 2398 haud
1132 2352 1252 2417 paucos
1275 2334 1361 2400 locos
1383 2333 1500 2400 rectius
1526 2333 1679 2419 scriptos,
1712 2353 1808 2417 quam
1838 2353 1908 2399 cum
1931 2332 1964 2397 in
1986 2331 2060 2398 aliis

445 2451 681 2537 exemplaribus
695 2459 762 2519 tum
783 2452 818 2518 in
839 2452 1033 2519 Ruinarti
1055 2452 1328 2536 circumferuntur,
1342 2453 1649 2540 deprehendissem,
1675 2461 1710 2520 ut
1725 2453 1792 2521 fere
1807 2453 1852 2538 fit,
1878 2473 1976 2538 prope
1992 2461 2061 2520 eret

446 2571 559 2639 uthis
587 2571 678 2638 libris
707 2593 878 2657 eommque
906 2573 1058 2639 affinibus
1086 2573 1218 2638 nimium
1246 2574 1429 2641 tribuerem.
1476 2575 1547 2641 Vna
1574 2581 1682 2641 tamen
1709 2594 1762 2641 res
1790 2574 1940 2641 monebat
1968 2581 2060 2640 caute

446 2691 607 2776 agendum
629 2711 717 2775 esse,
750 2694 900 2778 quoniam
922 2693 955 2759 in
978 2693 1039 2760 hac
1061 2693 1205 2760 codicum
1229 2693 1353 2760 familia
1374 2695 1497 2762 librarii
1519 2695 1734 2780 neglegentia,
1767 2694 1821 2778 qui
1850 2694 2058 2781 archetypum

445 2819 644 2895 exaraverat,
669 2813 757 2880 haud
779 2834 883 2899 pauca
897 2814 1054 2881 vocabula
1075 2815 1194 2880 omissa
1216 2821 1299 2898 sunt,
1326 2835 1408 2898 quae
1430 2815 1463 2881 in
1485 2817 1589 2881 altera
1606 2815 1750 2882 codicum
1773 2814 1945 2898 familia*t,
1971 2814 2062 2881 cuias

446 2932 542 3018 longo
563 2933 701 3018 optimus
721 2933 940 3002 Bruxellensis
962 2942 1022 3018 est,
1054 2935 1181 3020 integra
1208 2934 1432 3016 inveniuntur;
1466 2937 1570 3018 velut,
1602 2943 1638 3003 nt
1658 2936 1796 3004 leviores
1818 2955 1939 3002 errores
1968 2934 2062 3002 omit—

445 3060 530 3135 tam,
562 3053 679 3120 desunt
698 3054 731 3119 in
754 3055 846 3120 BLV*
859 3057 959 3123 verba
979 3076 1000 3121 a
1021 3055 1113 3122 nobis
1135 3054 1260 3123 uncinis
1282 3056 1519 3144 cirumscripta
1538 3057 1573 3124 in
1595 3057 1646 3123 his
1668 3057 1764 3124 loeis:
1805 3057 1831 3140 I,
1858 3059 1898 3122 38
1921 3061 1974 3142 qui
1994 3078 2062 3121 cum

445 3177 580 3239 acirim
602 3176 796 3241 canaonem
822 3178 985 3260 [indomitis
1014 3181 1115 3260 epiris,
1145 3180 1370 3264 pionpantibas]
1397 3184 1518 3245 Mauris
1548 3201 1613 3246 sese
1640 3189 1742 3243 mutuo
1772 3183 1977 3262 conspicerent
1997 3183 2057 3244 etc.

444 3294 487 3377 Π,
515 3297 533 3357 7
552 3299 715 3378 pecuniam
738 3299 822 3379 apird
843 3318 911 3362 eam
936 3299 1122 3382 [numquam]
1148 3275 1298 3363 mansisse
1315 3301 1477 3383 probator.
1524 3301 1567 3384 11,
1591 3303 1610 3366 8
1633 3308 1800 3386 supperunt
1826 3301 1912 3385 [repi]
1938 3301 1975 3362 de
1997 3301 2058 3378 itio,

436 3425 479 3480 at
506 3436 596 3480 suom
625 3435 816 3500 nequaquam
844 3421 960 3483 sederet
988 3420 1138 3484 tironum.
1194 3419 1237 3502 Π,
1265 3423 1304 3485 38
1335 3403 1470 3504 episcopo
1498 3423 1603 3506 diripit
1635 3430 1829 3504 praeceptum
1862 3421 1930 3502 [tati
1961 3428 2062 3484 tenore

446 3539 674 3621 conscriptumt.
721 3537 764 3620 Π,
791 3541 831 3602 53
856 3541 910 3604 itio
932 3559 1049 3631 semper
1071 3548 1116 3604 est
1135 3549 1225 3624 pratu
1248 3543 1377 3621 collatio,
1409 3543 1463 3605 nbi
1483 3542 1614 3624 superba
1637 3543 1894 3605 condominatur
1919 3541 2061 3622 [potesta-

446 3659 495 3738 tis]
521 3659 620 3720 elatio.
660 3658 759 3740 11,54
788 3658 854 3742 (qui
876 3659 966 3725 locus
988 3659 1021 3726 in
1044 3659 1184 3744 vulgatis
1206 3659 1345 3744 pessime
1368 3660 1497 3727 habitus
1520 3660 1651 3745 egregie
1673 3681 1713 3726 ex
1735 3660 1764 3724 R
1784 3657 1948 3724 emendari
1970 3662 2053 3742 pote-

444 3779 503 3860 rat)
535 3779 675 3842 notorias
705 3782 786 3863 rapis
813 3781 989 3864 respondit:
1016 3781 1200 3864 patriarcba
1223 3783 1328 3863 Gyrito
1350 3783 1433 3846 dimit
1466 3784 1605 3866 [aliquos.
1653 3781 1788 3864 Superbe
1814 3788 1842 3843 et
1871 3781 1973 3842 illicite
2002 3779 2061 3842 sibi

444 3915 550 3960 nomen
572 3909 754 3981 neumatum
776 3903 874 3963 nostri
894 3903 1071 3964 detestantes
1094 3903 1271 3982 dicerenttt
1299 3904 1418 3985 lepatur
1439 3904 1524 3965 nobis
1546 3923 1603 3985 pao
1626 3902 1798 3965 concedente
1821 3901 1902 3963 istud
1924 3901 1984 3962 sibi
2003 3920 2059 3962 no·

445 4038 512 4081 cren
537 4021 641 4102 Gyriia
669 4021 849 4103 adsumpsit.
895 4021 938 4105 11,
965 4025 1006 4086 60
1036 4025 1099 4105 ipse
1127 4027 1159 4084 in
1187 4024 1340 4106 eoonpetio
1369 4023 1460 4086 dicit:
1495 4024 1574 4107 t‘epo
1604 4026 1635 4085 io
1662 4030 1752 4104 patre
1780 4030 1807 4084 et
1833 4029 1924 4102 pater
1954 4023 1985 4082 in
2013 4041 2059 4084 mc

443 4139 508 4221 est’]
542 4149 569 4204 et
602 4143 666 4225 ‘epo
689 4151 717 4203 et
735 4149 825 4223 pater
847 4161 942 4204 anum
963 4143 1092 4207 somns‘.
1139 4143 1181 4224 Π,
1208 4146 1249 4207 64
1279 4144 1334 4208 itta
1355 4161 1437 4222 vero,
1470 4163 1548 4227 puae
1576 4144 1613 4206 de
1641 4117 1673 4206 eo
1700 4143 1875 4224 [secundam
1896 4141 2053 4224 bominem]

444 4261 631 4342 reserantur,
666 4263 726 4324 ista
747 4270 829 4325 sant.
876 4262 918 4344 Π,
945 4266 983 4326 77
1008 4265 1109 4327 David
1129 4266 1257 4346 proinde
1283 4264 1356 4347 [deo]
1383 4266 1542 4346 aspirante
1567 4272 1707 4327 testabar.
1754 4262 1796 4343 11,
1825 4265 1863 4325 7ιι
1891 4272 1925 4326 at
1955 4265 1987 4325 in
2009 4283 2058 4326 eo-

442 4381 509 4443 dem
530 4401 620 4463 opere
641 4383 681 4444 sit
706 4381 875 4466 [trinitatis]
909 4393 1017 4465 aperta
1046 4386 1182 4467 repudio.
1228 4383 1271 4465 11,
1298 4385 1339 4447 86
1361 4385 1540 4448 omodiderot
1558 4386 1778 4466 possessionem
1803 4433 1810 4448 .
1831 4433 1838 4446 .
1860 4433 1867 4448 .
1892 4384 2057 4466 subpressa

439 4510 529 4584 parte
547 4504 695 4583 pecuniae
710 4503 831 4566 dolosas
845 4503 1024 4585 dissupatos,
1050 4506 1200 4587 retipaam
1219 4525 1277 4586 pro
1293 4513 1349 4567 toto
1365 4507 1542 4587 antepedes
1561 4507 1680 4587 [posuit]
1700 4506 1914 4586 apostotorum.
1953 4504 1995 4587 11,
2016 4507 2056 4570 88

442 4622 515 4704 qnid
545 4629 645 4684 aomm
675 4623 712 4685 de
740 4643 798 4686 sna
826 4623 934 4706 adspira
959 4624 1155 4706 [praesentia]
1182 4626 1320 4687 sotoator
1349 4627 1380 4687 in
1409 4627 1562 4709 evanpeb'o
1585 4627 1651 4689 eit?
1694 4624 1754 4706 111,
1780 4627 1799 4688 2
1829 4627 1932 4709 tepem,
1964 4645 2056 4708 pao-m

441 4741 556 4804 dadum
572 4742 742 4806 Obrrstiani
756 4745 953 4826 imperotores
975 4745 1074 4807 nostri
1093 4752 1201 4808 contro
1224 4765 1273 4808 eos
1295 4754 1324 4810 ct
1337 4754 1443 4810 contra
1465 4747 1542 4810 atios
1564 4747 1728 4809 baereticos
1752 4767 1811 4828 pro
1833 4746 2057 4830 borsorifieentia

442 4864 582 4926 ecciesiae
608 4863 771 4926 catbolicae
801 4864 983 4946 [dederunt]‚
1016 4865 1166 4928 adversos
1195 4885 1250 4930 nos
1280 4868 1327 4929 itti
1352 4886 1521 4948 proponere
1549 4887 1610 4929 non
1640 4868 1838 4931 erobraerrmt.
1889 4867 1949 4950 111,
1976 4869 1993 4929 7
2024 4877 2058 4931 nt

441 4984 557 5046 mordis
578 4990 677 5046 essent
698 4985 821 5046 abrasae
849 4983 1040 5066 (ecclesiae),
1072 4987 1217 5066 mmmdin
1246 4988 1369 5050 mallent
1392 4987 1433 5049 nd
1459 4988 1647 5069 [condictam]
1672 4990 1858 5069 propositam
1880 4991 2053 5069 pervenire.

439 5101 519 5170 ibid.
551 5104 681 5168 induetis
710 5123 810 5167 secum
841 5107 872 5167 in
901 5123 1035 5168 errorem
1065 5107 1296 5187 imperatoribus
1330 5107 1515 5190 [temporam]
1549 5109 1751 5171 diversorum.
1805 5107 1863 5187 111,
1890 5109 1930 5170 29
1958 5110 2054 5172 omnis

441 5226 533 5288 simol
554 5227 662 5288 eioitus
678 5227 825 5288 evectione
846 5227 955 5288 novati
974 5226 1011 5288 dc
1030 5229 1175 5307 proximo
1201 5226 1253 5308 [ad
1269 5229 1461 5310 Hispaniam]
1487 5229 1662 5312 consopivit.
1709 5228 1768 5310 III,
1792 5229 1833 5291 49
1851 5230 1935 5308 filins
1950 5231 2054 5292 cnius-

441 5347 512 5409 dam
540 5329 648 5408 nobitis
674 5392 708 5407 ..
741 5367 761 5407 a
787 5347 968 5428 pareatibus
996 5355 1158 5430 separatus
1188 5357 1248 5422 est,
1285 5349 1402 5433 [matre]
1435 5352 1501 5413 sine
1530 5351 1711 5413 verecundia
1742 5350 1964 5411 matronali..
1986 5359 2055 5431 post

507 5639 533 5702 *t
554 5643 605 5700 Qui
624 5640 720 5690 codices
737 5641 768 5690 ud
785 5641 849 5690 bauo
866 5643 987 5692 familiam
1005 5646 1163 5706 pertineant,
1190 5647 1263 5694 facile
1287 5652 1325 5696 cst
1348 5649 1450 5709 cognitu
1472 5661 1528 5696 cum
1551 5661 1581 5695 ex
1606 5647 1781 5695 communibus
1804 5646 1916 5706 lacunis,
1943 5652 1997 5696 tam
2020 5661 2051 5696 ex

438 5727 522 5775 charta
539 5729 566 5776 iu
585 5727 717 5790 archetypo
734 5730 895 5790 transposita,
916 5745 939 5779 ιι.
961 5730 1044 5778 adnot.
1065 5733 1120 5779 orit.
1142 5731 1171 5780 ad
1191 5733 1227 5779 111
1247 5729 1263 5798 8
1281 5732 1297 5782 9
1315 5747 1340 5795 p.
1360 5732 1402 5792 42,
1423 5730 1447 5781 d.
