<?xml version="1.0" encoding="UTF-8"?>
<!DOCTYPE html PUBLIC "-//W3C//DTD XHTML 1.0 Transitional//EN"
    "http://www.w3.org/TR/xhtml1/DTD/xhtml1-transitional.dtd">
<html xmlns="http://www.w3.org/1999/xhtml" xml:lang="en" lang="en">
 <head>
  <title>
</title>
<meta http-equiv="Content-Type" content="text/html;charset=utf-8" />
  <meta name='ocr-system' content='tesseract 3.04.00' />
  <meta name='ocr-capabilities' content='ocr_page ocr_carea ocr_par ocr_line ocrx_word'/>
</head>
<body>
  <div class='ocr_page' id='page_1' title='image "./monumentagerman08mittgoog/monumentagerman08mittgoog_0167.png"; bbox 0 0 4546 6420; ppageno 0'>
   <div class='ocr_carea' id='block_1_1' title="bbox 440 408 1370 474">
    <p class='ocr_par' dir='ltr' id='par_1_1' title="bbox 440 408 1370 474">
     <span class='ocr_line' id='line_1_1' title="bbox 440 408 1370 474; baseline -0.009 -2"><span class='ocrx_word' id='word_1_1' title='bbox 440 409 499 474; x_wconf 87' lang='lat' dir='ltr'>LX</span> <span class='ocrx_word' id='word_1_2' title='bbox 1139 408 1370 464; x_wconf 81' lang='lat' dir='ltr'>PROOElssvn.</span> 
     </span>
    </p>
   </div>
   <div class='ocr_carea' id='block_1_2' title="bbox 372 617 2171 2632">
    <p class='ocr_par' dir='ltr' id='par_1_2' title="bbox 372 617 2171 2632">
     <span class='ocr_line' id='line_1_2' title="bbox 438 617 2074 718; baseline 0 -22"><span class='ocrx_word' id='word_1_3' title='bbox 438 631 586 696; x_wconf 79' lang='lat' dir='ltr'>storicsm</span> <span class='ocrx_word' id='word_1_4' title='bbox 609 649 807 714; x_wconf 81' lang='lat' dir='ltr'><strong>magnopere</strong></span> <span class='ocrx_word' id='word_1_5' title='bbox 828 629 964 712; x_wconf 82' lang='lat' dir='ltr'>adiurit,</span> <span class='ocrx_word' id='word_1_6' title='bbox 996 637 1028 695; x_wconf 92' lang='lat' dir='ltr'>et</span> <span class='ocrx_word' id='word_1_7' title='bbox 1050 637 1233 715; x_wconf 72' lang='lat' dir='ltr'>poetarum,</span> <span class='ocrx_word' id='word_1_8' title='bbox 1265 650 1345 714; x_wconf 90' lang='lat' dir='ltr'>qnos</span> <span class='ocrx_word' id='word_1_9' title='bbox 1368 631 1526 717; x_wconf 83' lang='lat' dir='ltr'>Oorippus</span> <span class='ocrx_word' id='word_1_10' title='bbox 1549 633 1684 716; x_wconf 82' lang='lat' dir='ltr'>legisse,</span> <span class='ocrx_word' id='word_1_11' title='bbox 1716 617 1894 718; x_wconf 80' lang='lat' dir='ltr'>expilasse,</span> <span class='ocrx_word' id='word_1_12' title='bbox 1927 632 2074 698; x_wconf 85' lang='lat' dir='ltr'>imitatus</span> 
     </span>
     <span class='ocr_line' id='line_1_3' title="bbox 438 748 2073 832; baseline 0 -16"><span class='ocrx_word' id='word_1_13' title='bbox 438 769 511 816; x_wconf 91' lang='lat' dir='ltr'>esse</span> <span class='ocrx_word' id='word_1_14' title='bbox 541 748 682 830; x_wconf 75' lang='lat' dir='ltr'>ridetur,</span> <span class='ocrx_word' id='word_1_15' title='bbox 716 749 802 814; x_wconf 89' lang='lat' dir='ltr'>locos</span> <span class='ocrx_word' id='word_1_16' title='bbox 824 749 870 815; x_wconf 85' lang='lat' dir='ltr'>ita</span> <span class='ocrx_word' id='word_1_17' title='bbox 893 749 1038 832; x_wconf 79' lang='lat' dir='ltr'><strong>collegit,</strong></span> <span class='ocrx_word' id='word_1_18' title='bbox 1071 757 1106 816; x_wconf 92' lang='lat' dir='ltr'>ut</span> <span class='ocrx_word' id='word_1_19' title='bbox 1133 770 1198 816; x_wconf 91' lang='lat' dir='ltr'>non</span> <span class='ocrx_word' id='word_1_20' title='bbox 1226 751 1320 816; x_wconf 94' lang='lat' dir='ltr'>modo</span> <span class='ocrx_word' id='word_1_21' title='bbox 1347 751 1524 817; x_wconf 85' lang='lat' dir='ltr'>litterarum</span> <span class='ocrx_word' id='word_1_22' title='bbox 1550 751 1704 818; x_wconf 81' lang='lat' dir='ltr'><strong>historiae</strong></span> <span class='ocrx_word' id='word_1_23' title='bbox 1731 751 1885 820; x_wconf 81' lang='lat' dir='ltr'>studiosis</span> <span class='ocrx_word' id='word_1_24' title='bbox 1915 751 2073 818; x_wconf 89' lang='lat' dir='ltr'>indicium</span> 
     </span>
     <span class='ocr_line' id='line_1_4' title="bbox 437 867 2074 954; baseline 0 -19"><span class='ocrx_word' id='word_1_25' title='bbox 437 870 477 936; x_wconf 94' lang='lat' dir='ltr'>de</span> <span class='ocrx_word' id='word_1_26' title='bbox 500 875 614 953; x_wconf 72' lang='lat' dir='ltr'>poetae</span> <span class='ocrx_word' id='word_1_27' title='bbox 636 867 767 952; x_wconf 92' lang='lat' dir='ltr'>ingenio</span> <span class='ocrx_word' id='word_1_28' title='bbox 789 876 972 954; x_wconf 91' lang='lat' dir='ltr'>promptum</span> <span class='ocrx_word' id='word_1_29' title='bbox 994 877 1028 935; x_wconf 92' lang='lat' dir='ltr'>et</span> <span class='ocrx_word' id='word_1_30' title='bbox 1049 878 1196 954; x_wconf 90' lang='lat' dir='ltr'>apertum</span> <span class='ocrx_word' id='word_1_31' title='bbox 1218 879 1315 952; x_wconf 82' lang='lat' dir='ltr'>esset,</span> <span class='ocrx_word' id='word_1_32' title='bbox 1341 871 1399 937; x_wconf 90' lang='lat' dir='ltr'>sed</span> <span class='ocrx_word' id='word_1_33' title='bbox 1422 871 1518 938; x_wconf 87' lang='lat' dir='ltr'>etiam</span> <span class='ocrx_word' id='word_1_34' title='bbox 1541 869 1759 938; x_wconf 89' lang='lat' dir='ltr'>emendationi</span> <span class='ocrx_word' id='word_1_35' title='bbox 1781 869 1975 937; x_wconf 91' lang='lat' dir='ltr'>Iohannidos</span> <span class='ocrx_word' id='word_1_36' title='bbox 1994 871 2074 936; x_wconf 74' lang='lat' dir='ltr'>snb</span> 
     </span>
     <span class='ocr_line' id='line_1_5' title="bbox 437 987 2073 1076; baseline -0.001 -20"><span class='ocrx_word' id='word_1_37' title='bbox 437 989 524 1056; x_wconf 90' lang='lat' dir='ltr'>sidia</span> <span class='ocrx_word' id='word_1_38' title='bbox 552 987 684 1053; x_wconf 81' lang='lat' dir='ltr'>aliunde</span> <span class='ocrx_word' id='word_1_39' title='bbox 712 987 816 1054; x_wconf 88' lang='lat' dir='ltr'>accita</span> <span class='ocrx_word' id='word_1_40' title='bbox 844 997 1044 1073; x_wconf 88' lang='lat' dir='ltr'>pararentur.</span> <span class='ocrx_word' id='word_1_41' title='bbox 1091 987 1217 1066; x_wconf 81' lang='lat' dir='ltr'>Quibus</span> <span class='ocrx_word' id='word_1_42' title='bbox 1245 989 1362 1056; x_wconf 89' lang='lat' dir='ltr'>studiis</span> <span class='ocrx_word' id='word_1_43' title='bbox 1391 997 1426 1056; x_wconf 88' lang='lat' dir='ltr'>ut</span> <span class='ocrx_word' id='word_1_44' title='bbox 1454 991 1616 1075; x_wconf 92' lang='lat' dir='ltr'>seipsum</span> <span class='ocrx_word' id='word_1_45' title='bbox 1639 988 1683 1055; x_wconf 92' lang='lat' dir='ltr'>ad</span> <span class='ocrx_word' id='word_1_46' title='bbox 1706 989 2073 1076; x_wconf 83' lang='lat' dir='ltr'>Corippilohannidem</span> 
     </span>
     <span class='ocr_line' id='line_1_6' title="bbox 437 1107 2075 1190; baseline 0 -14"><span class='ocrx_word' id='word_1_47' title='bbox 437 1107 667 1176; x_wconf 78' lang='lat' dir='ltr'>recensendam</span> <span class='ocrx_word' id='word_1_48' title='bbox 691 1107 821 1190; x_wconf 77' lang='lat' dir='ltr'>egregie</span> <span class='ocrx_word' id='word_1_49' title='bbox 844 1107 1042 1190; x_wconf 76' lang='lat' dir='ltr'>accinxerat,</span> <span class='ocrx_word' id='word_1_50' title='bbox 1074 1109 1120 1175; x_wconf 86' lang='lat' dir='ltr'>ita</span> <span class='ocrx_word' id='word_1_51' title='bbox 1150 1110 1223 1176; x_wconf 93' lang='lat' dir='ltr'>aliis</span> <span class='ocrx_word' id='word_1_52' title='bbox 1254 1110 1339 1176; x_wconf 89' lang='lat' dir='ltr'>viam</span> <span class='ocrx_word' id='word_1_53' title='bbox 1363 1110 1504 1176; x_wconf 89' lang='lat' dir='ltr'>criticam</span> <span class='ocrx_word' id='word_1_54' title='bbox 1527 1110 1674 1176; x_wconf 88' lang='lat' dir='ltr'>munivit.</span> <span class='ocrx_word' id='word_1_55' title='bbox 1721 1110 1759 1175; x_wconf 84' lang='lat' dir='ltr'>A.</span> <span class='ocrx_word' id='word_1_56' title='bbox 1789 1113 1870 1174; x_wconf 87' lang='grc'><strong>1836</strong></span> <span class='ocrx_word' id='word_1_57' title='bbox 1893 1111 1996 1176; x_wconf 89' lang='lat' dir='ltr'>altera</span> <span class='ocrx_word' id='word_1_58' title='bbox 2018 1110 2075 1176; x_wconf 90' lang='lat' dir='ltr'>Io-</span> 
     </span>
     <span class='ocr_line' id='line_1_7' title="bbox 436 1227 2070 1314; baseline -0.001 -19"><span class='ocrx_word' id='word_1_59' title='bbox 436 1228 595 1295; x_wconf 91' lang='lat' dir='ltr'>hannidos</span> <span class='ocrx_word' id='word_1_60' title='bbox 617 1227 716 1293; x_wconf 88' lang='lat' dir='ltr'>editio</span> <span class='ocrx_word' id='word_1_61' title='bbox 738 1229 925 1313; x_wconf 86' lang='lat' dir='ltr'>compamit,</span> <span class='ocrx_word' id='word_1_62' title='bbox 952 1228 1158 1294; x_wconf 84' lang='lat' dir='ltr'>Bekkeriana</span> <span class='ocrx_word' id='word_1_63' title='bbox 1181 1229 1312 1314; x_wconf 83' lang='lat' dir='ltr'>Corpori</span> <span class='ocrx_word' id='word_1_64' title='bbox 1335 1229 1525 1314; x_wconf 89' lang='lat' dir='ltr'>seriptomm</span> <span class='ocrx_word' id='word_1_65' title='bbox 1547 1229 1699 1296; x_wconf 89' lang='lat' dir='ltr'>historiae</span> <span class='ocrx_word' id='word_1_66' title='bbox 1715 1230 1914 1314; x_wconf 85' lang='lat' dir='ltr'>Byzantinae</span> <span class='ocrx_word' id='word_1_67' title='bbox 1935 1229 2070 1294; x_wconf 89' lang='lat' dir='ltr'>inserta.</span> 
     </span>
     <span class='ocr_line' id='line_1_8' title="bbox 437 1346 2074 1432; baseline 0 -18"><span class='ocrx_word' id='word_1_68' title='bbox 437 1350 600 1414; x_wconf 88' lang='lat' dir='ltr'>Debemus</span> <span class='ocrx_word' id='word_1_69' title='bbox 622 1346 698 1414; x_wconf 89' lang='lat' dir='ltr'>huic</span> <span class='ocrx_word' id='word_1_70' title='bbox 727 1347 905 1414; x_wconf 90' lang='lat' dir='ltr'>recensioni</span> <span class='ocrx_word' id='word_1_71' title='bbox 934 1348 1169 1413; x_wconf 91' lang='lat' dir='ltr'>enuntiatorum</span> <span class='ocrx_word' id='word_1_72' title='bbox 1199 1348 1438 1414; x_wconf 88' lang='lat' dir='ltr'>distinctionem</span> <span class='ocrx_word' id='word_1_73' title='bbox 1460 1350 1560 1414; x_wconf 88' lang='lat' dir='ltr'>multo</span> <span class='ocrx_word' id='word_1_74' title='bbox 1588 1351 1763 1432; x_wconf 73' lang='lat' dir='ltr'>meliorem,</span> <span class='ocrx_word' id='word_1_75' title='bbox 1803 1356 1926 1415; x_wconf 85' lang='lat' dir='ltr'>textum</span> <span class='ocrx_word' id='word_1_76' title='bbox 1953 1347 2074 1414; x_wconf 91' lang='lat' dir='ltr'>deinde</span> 
     </span>
     <span class='ocr_line' id='line_1_9' title="bbox 437 1467 2074 1553; baseline -0.001 -20"><span class='ocrx_word' id='word_1_77' title='bbox 437 1469 610 1551; x_wconf 85' lang='lat' dir='ltr'>diligenter</span> <span class='ocrx_word' id='word_1_78' title='bbox 636 1474 808 1551; x_wconf 89' lang='lat' dir='ltr'>purgatum</span> <span class='ocrx_word' id='word_1_79' title='bbox 838 1474 871 1534; x_wconf 91' lang='lat' dir='ltr'>et</span> <span class='ocrx_word' id='word_1_80' title='bbox 899 1467 1091 1552; x_wconf 89' lang='lat' dir='ltr'>perpolitum</span> <span class='ocrx_word' id='word_1_81' title='bbox 1114 1468 1312 1534; x_wconf 87' lang='lat' dir='ltr'>Lachmanni</span> <span class='ocrx_word' id='word_1_82' title='bbox 1340 1474 1372 1534; x_wconf 93' lang='lat' dir='ltr'>et</span> <span class='ocrx_word' id='word_1_83' title='bbox 1402 1469 1544 1534; x_wconf 87' lang='lat' dir='ltr'>Bekkeri</span> <span class='ocrx_word' id='word_1_84' title='bbox 1573 1470 1675 1546; x_wconf 82' lang='lat' dir='ltr'>curis,</span> <span class='ocrx_word' id='word_1_85' title='bbox 1714 1469 1770 1553; x_wconf 91' lang='lat' dir='ltr'>qni</span> <span class='ocrx_word' id='word_1_86' title='bbox 1799 1469 1990 1536; x_wconf 90' lang='lat' dir='ltr'>coniecturis</span> <span class='ocrx_word' id='word_1_87' title='bbox 2019 1467 2074 1532; x_wconf 92' lang='lat' dir='ltr'>in-</span> 
     </span>
     <span class='ocr_line' id='line_1_10' title="bbox 437 1587 2068 1673; baseline -0.001 -19"><span class='ocrx_word' id='word_1_88' title='bbox 437 1587 578 1671; x_wconf 91' lang='lat' dir='ltr'>geniosis</span> <span class='ocrx_word' id='word_1_89' title='bbox 611 1605 709 1672; x_wconf 87' lang='lat' dir='ltr'>saepe</span> <span class='ocrx_word' id='word_1_90' title='bbox 740 1587 871 1673; x_wconf 82' lang='lat' dir='ltr'>Oorippi</span> <span class='ocrx_word' id='word_1_91' title='bbox 899 1589 998 1653; x_wconf 79' lang='lat' dir='ltr'>verba</span> <span class='ocrx_word' id='word_1_92' title='bbox 1028 1588 1169 1672; x_wconf 85' lang='lat' dir='ltr'>genuina</span> <span class='ocrx_word' id='word_1_93' title='bbox 1198 1587 1400 1654; x_wconf 86' lang='lat' dir='ltr'>librariorum</span> <span class='ocrx_word' id='word_1_94' title='bbox 1430 1589 1638 1672; x_wconf 89' lang='lat' dir='ltr'>neglegentia</span> <span class='ocrx_word' id='word_1_95' title='bbox 1666 1591 1821 1654; x_wconf 87' lang='lat' dir='ltr'>offuscata</span> <span class='ocrx_word' id='word_1_96' title='bbox 1850 1588 2068 1668; x_wconf 90' lang='lat' dir='ltr'>restituerunt,</span> 
     </span>
     <span class='ocr_line' id='line_1_11' title="bbox 436 1685 2171 1793; baseline -0.001 -20"><span class='ocrx_word' id='word_1_97' title='bbox 436 1707 629 1791; x_wconf 86' lang='lat' dir='ltr'>aliquotiens</span> <span class='ocrx_word' id='word_1_98' title='bbox 651 1706 755 1791; x_wconf 88' lang='lat' dir='ltr'>ipsius</span> <span class='ocrx_word' id='word_1_99' title='bbox 777 1707 896 1773; x_wconf 92' lang='lat' dir='ltr'>codicis</span> <span class='ocrx_word' id='word_1_100' title='bbox 918 1708 1114 1773; x_wconf 83' lang='lat' dir='ltr'>Trivultiani</span> <span class='ocrx_word' id='word_1_101' title='bbox 1140 1707 1310 1774; x_wconf 89' lang='lat' dir='ltr'>lectionem</span> <span class='ocrx_word' id='word_1_102' title='bbox 1339 1729 1360 1772; x_wconf 92' lang='lat' dir='ltr'>a</span> <span class='ocrx_word' id='word_1_103' title='bbox 1390 1707 1491 1792; x_wconf 91' lang='lat' dir='ltr'>primo</span> <span class='ocrx_word' id='word_1_104' title='bbox 1514 1707 1637 1774; x_wconf 87' lang='lat' dir='ltr'>editore</span> <span class='ocrx_word' id='word_1_105' title='bbox 1660 1729 1773 1793; x_wconf 88' lang='lat' dir='ltr'>parum</span> <span class='ocrx_word' id='word_1_106' title='bbox 1795 1715 1997 1793; x_wconf 86' lang='lat' dir='ltr'>perspectam</span> <span class='ocrx_word' id='word_1_107' title='bbox 2021 1706 2074 1772; x_wconf 92' lang='lat' dir='ltr'>di·</span> <span class='ocrx_word' id='word_1_108' title='bbox 2169 1685 2171 1692; x_wconf 21' lang='grc' dir='ltr'>Ι</span> 
     </span>
     <span class='ocr_line' id='line_1_12' title="bbox 437 1827 2074 1912; baseline -0.002 -18"><span class='ocrx_word' id='word_1_109' title='bbox 437 1830 598 1894; x_wconf 76' lang='lat' dir='ltr'>sinarunt.</span> <span class='ocrx_word' id='word_1_110' title='bbox 646 1827 806 1909; x_wconf 85' lang='lat' dir='ltr'>Bekkero,</span> <span class='ocrx_word' id='word_1_111' title='bbox 832 1847 928 1910; x_wconf 89' lang='lat' dir='ltr'>quem</span> <span class='ocrx_word' id='word_1_112' title='bbox 950 1834 1066 1893; x_wconf 89' lang='lat' dir='ltr'>natura</span> <span class='ocrx_word' id='word_1_113' title='bbox 1088 1828 1235 1894; x_wconf 92' lang='lat' dir='ltr'>acumine</span> <span class='ocrx_word' id='word_1_114' title='bbox 1258 1847 1391 1904; x_wconf 85' lang='lat' dir='ltr'>summo,</span> <span class='ocrx_word' id='word_1_115' title='bbox 1419 1846 1477 1892; x_wconf 91' lang='lat' dir='ltr'>sua</span> <span class='ocrx_word' id='word_1_116' title='bbox 1500 1827 1657 1894; x_wconf 87' lang='lat' dir='ltr'>industria</span> <span class='ocrx_word' id='word_1_117' title='bbox 1680 1827 1858 1894; x_wconf 89' lang='lat' dir='ltr'>emditione</span> <span class='ocrx_word' id='word_1_118' title='bbox 1881 1827 2074 1912; x_wconf 82' lang='lat' dir='ltr'>plenissima</span> 
     </span>
     <span class='ocr_line' id='line_1_13' title="bbox 436 1946 2073 2032; baseline -0.002 -18"><span class='ocrx_word' id='word_1_119' title='bbox 436 1955 621 2029; x_wconf 86' lang='lat' dir='ltr'>ornaverat,</span> <span class='ocrx_word' id='word_1_120' title='bbox 652 1947 804 2012; x_wconf 90' lang='lat' dir='ltr'>nnumin</span> <span class='ocrx_word' id='word_1_121' title='bbox 827 1946 918 2012; x_wconf 90' lang='lat' dir='ltr'>libris</span> <span class='ocrx_word' id='word_1_122' title='bbox 940 1947 1073 2032; x_wconf 74' lang='lat' dir='ltr'>dorippi</span> <span class='ocrx_word' id='word_1_123' title='bbox 1094 1947 1301 2016; x_wconf 84' lang='lat' dir='ltr'>recensendis</span> <span class='ocrx_word' id='word_1_124' title='bbox 1324 1947 1442 2014; x_wconf 85' lang='lat' dir='ltr'>defuit:</span> <span class='ocrx_word' id='word_1_125' title='bbox 1478 1948 1625 2014; x_wconf 90' lang='lat' dir='ltr'>codicum</span> <span class='ocrx_word' id='word_1_126' title='bbox 1647 1969 1667 2012; x_wconf 93' lang='lat' dir='ltr'>a</span> <span class='ocrx_word' id='word_1_127' title='bbox 1689 1949 1778 2014; x_wconf 92' lang='lat' dir='ltr'>nullo</span> <span class='ocrx_word' id='word_1_128' title='bbox 1801 1968 1941 2030; x_wconf 85' lang='lat' dir='ltr'>unquam</span> <span class='ocrx_word' id='word_1_129' title='bbox 1964 1946 2028 2012; x_wconf 91' lang='lat' dir='ltr'>nisi</span> <span class='ocrx_word' id='word_1_130' title='bbox 2052 1967 2073 2010; x_wconf 91' lang='lat' dir='ltr'>a</span> 
     </span>
     <span class='ocr_line' id='line_1_14' title="bbox 372 2066 2073 2162; baseline -0.001 -28"><span class='ocrx_word' id='word_1_131' title='bbox 372 2159 373 2162; x_wconf 8' lang='grc' dir='ltr'><strong>Ἴ</strong></span> <span class='ocrx_word' id='word_1_132' title='bbox 436 2067 549 2154; x_wconf 90' lang='lat' dir='ltr'>primis</span> <span class='ocrx_word' id='word_1_133' title='bbox 573 2067 749 2134; x_wconf 89' lang='lat' dir='ltr'>editoribus</span> <span class='ocrx_word' id='word_1_134' title='bbox 771 2066 985 2152; x_wconf 89' lang='lat' dir='ltr'>inspectorum</span> <span class='ocrx_word' id='word_1_135' title='bbox 1009 2087 1093 2133; x_wconf 89' lang='lat' dir='ltr'>nova</span> <span class='ocrx_word' id='word_1_136' title='bbox 1116 2067 1256 2133; x_wconf 90' lang='lat' dir='ltr'>collatio.</span> <span class='ocrx_word' id='word_1_137' title='bbox 1295 2068 1398 2133; x_wconf 88' lang='lat' dir='ltr'>Nemo</span> <span class='ocrx_word' id='word_1_138' title='bbox 1421 2088 1562 2151; x_wconf 88' lang='lat' dir='ltr'>unquam</span> <span class='ocrx_word' id='word_1_139' title='bbox 1577 2067 1708 2153; x_wconf 83' lang='lat' dir='ltr'>Corippi</span> <span class='ocrx_word' id='word_1_140' title='bbox 1730 2066 1828 2134; x_wconf 89' lang='lat' dir='ltr'>libros</span> <span class='ocrx_word' id='word_1_141' title='bbox 1843 2067 1934 2150; x_wconf 87' lang='lat' dir='ltr'>legit,</span> <span class='ocrx_word' id='word_1_142' title='bbox 1960 2066 2073 2148; x_wconf 86' lang='lat' dir='ltr'>quine</span> 
     </span>
     <span class='ocr_line' id='line_1_15' title="bbox 436 2183 2069 2273; baseline -0.002 -19"><span class='ocrx_word' id='word_1_143' title='bbox 436 2189 527 2255; x_wconf 89' lang='lat' dir='ltr'>libris</span> <span class='ocrx_word' id='word_1_144' title='bbox 549 2186 774 2270; x_wconf 88' lang='lat' dir='ltr'>manuscriptis</span> <span class='ocrx_word' id='word_1_145' title='bbox 796 2185 913 2252; x_wconf 89' lang='lat' dir='ltr'>iterum</span> <span class='ocrx_word' id='word_1_146' title='bbox 935 2186 1080 2253; x_wconf 87' lang='lat' dir='ltr'>excussis</span> <span class='ocrx_word' id='word_1_147' title='bbox 1102 2187 1240 2253; x_wconf 85' lang='lat' dir='ltr'>fructum</span> <span class='ocrx_word' id='word_1_148' title='bbox 1263 2186 1351 2254; x_wconf 90' lang='lat' dir='ltr'>hand</span> <span class='ocrx_word' id='word_1_149' title='bbox 1372 2187 1478 2252; x_wconf 87' lang='lat' dir='ltr'>levem</span> <span class='ocrx_word' id='word_1_150' title='bbox 1500 2195 1686 2273; x_wconf 88' lang='lat' dir='ltr'>perceptum</span> <span class='ocrx_word' id='word_1_151' title='bbox 1708 2187 1749 2252; x_wconf 92' lang='lat' dir='ltr'>iri</span> <span class='ocrx_word' id='word_1_152' title='bbox 1769 2186 1832 2253; x_wconf 90' lang='lat' dir='ltr'>sibi</span> <span class='ocrx_word' id='word_1_153' title='bbox 1846 2183 2069 2272; x_wconf 90' lang='lat' dir='ltr'>persuaderet.</span> 
     </span>
     <span class='ocr_line' id='line_1_16' title="bbox 436 2305 2072 2393; baseline -0.002 -19"><span class='ocrx_word' id='word_1_154' title='bbox 436 2309 505 2374; x_wconf 88' lang='lat' dir='ltr'>Nec</span> <span class='ocrx_word' id='word_1_155' title='bbox 532 2315 609 2392; x_wconf 91' lang='lat' dir='ltr'>puto</span> <span class='ocrx_word' id='word_1_156' title='bbox 637 2306 711 2391; x_wconf 90' lang='lat' dir='ltr'>plns</span> <span class='ocrx_word' id='word_1_157' title='bbox 741 2306 825 2372; x_wconf 89' lang='lat' dir='ltr'>iusto</span> <span class='ocrx_word' id='word_1_158' title='bbox 855 2306 934 2372; x_wconf 91' lang='lat' dir='ltr'>mihi</span> <span class='ocrx_word' id='word_1_159' title='bbox 963 2327 1090 2374; x_wconf 89' lang='lat' dir='ltr'>sumere</span> <span class='ocrx_word' id='word_1_160' title='bbox 1122 2328 1193 2373; x_wconf 87' lang='lat' dir='ltr'>eam</span> <span class='ocrx_word' id='word_1_161' title='bbox 1220 2327 1310 2393; x_wconf 93' lang='lat' dir='ltr'>spem</span> <span class='ocrx_word' id='word_1_162' title='bbox 1334 2308 1530 2374; x_wconf 90' lang='lat' dir='ltr'>contendens</span> <span class='ocrx_word' id='word_1_163' title='bbox 1558 2327 1622 2373; x_wconf 92' lang='lat' dir='ltr'>non</span> <span class='ocrx_word' id='word_1_164' title='bbox 1650 2327 1767 2373; x_wconf 89' lang='lat' dir='ltr'>vanarn</span> <span class='ocrx_word' id='word_1_165' title='bbox 1797 2307 1917 2386; x_wconf 84' lang='lat' dir='ltr'>fuisse,</span> <span class='ocrx_word' id='word_1_166' title='bbox 1951 2305 2072 2388; x_wconf 87' lang='lat' dir='ltr'>quique</span> 
     </span>
     <span class='ocr_line' id='line_1_17' title="bbox 436 2405 2073 2512; baseline -0.002 -18"><span class='ocrx_word' id='word_1_167' title='bbox 436 2427 553 2494; x_wconf 93' lang='lat' dir='ltr'>deinde</span> <span class='ocrx_word' id='word_1_168' title='bbox 576 2425 718 2493; x_wconf 89' lang='lat' dir='ltr'>carmina</span> <span class='ocrx_word' id='word_1_169' title='bbox 740 2427 823 2492; x_wconf 92' lang='lat' dir='ltr'>haec</span> <span class='ocrx_word' id='word_1_170' title='bbox 843 2426 974 2493; x_wconf 82' lang='lat' dir='ltr'>intimae</span> <span class='ocrx_word' id='word_1_171' title='bbox 997 2446 1075 2492; x_wconf 88' lang='lat' dir='ltr'>sane</span> <span class='ocrx_word' id='word_1_172' title='bbox 1098 2405 1231 2510; x_wconf 79' lang='lat' dir='ltr'>aetatis,</span> <span class='ocrx_word' id='word_1_173' title='bbox 1266 2426 1326 2494; x_wconf 92' lang='lat' dir='ltr'>sed</span> <span class='ocrx_word' id='word_1_174' title='bbox 1354 2427 1451 2512; x_wconf 90' lang='lat' dir='ltr'>pretii</span> <span class='ocrx_word' id='word_1_175' title='bbox 1479 2448 1543 2494; x_wconf 91' lang='lat' dir='ltr'>non</span> <span class='ocrx_word' id='word_1_176' title='bbox 1573 2426 1675 2492; x_wconf 82' lang='lat' dir='ltr'>intimi</span> <span class='ocrx_word' id='word_1_177' title='bbox 1696 2427 1894 2506; x_wconf 87' lang='lat' dir='ltr'>tractabunt,</span> <span class='ocrx_word' id='word_1_178' title='bbox 1929 2432 2016 2492; x_wconf 88' lang='lat' dir='ltr'>certo</span> <span class='ocrx_word' id='word_1_179' title='bbox 2040 2432 2073 2491; x_wconf 86' lang='lat' dir='ltr'>et</span> 
     </span>
     <span class='ocr_line' id='line_1_18' title="bbox 436 2544 1844 2632; baseline -0.002 -17"><span class='ocrx_word' id='word_1_180' title='bbox 436 2547 547 2614; x_wconf 89' lang='lat' dir='ltr'>stabili</span> <span class='ocrx_word' id='word_1_181' title='bbox 569 2544 779 2613; x_wconf 84' lang='lat' dir='ltr'>fundamento</span> <span class='ocrx_word' id='word_1_182' title='bbox 802 2566 915 2612; x_wconf 90' lang='lat' dir='ltr'>usuros</span> <span class='ocrx_word' id='word_1_183' title='bbox 939 2565 1022 2628; x_wconf 89' lang='lat' dir='ltr'>esse,</span> <span class='ocrx_word' id='word_1_184' title='bbox 1049 2566 1111 2628; x_wconf 86' lang='lat' dir='ltr'>quo</span> <span class='ocrx_word' id='word_1_185' title='bbox 1134 2546 1242 2613; x_wconf 89' lang='lat' dir='ltr'>adhuc</span> <span class='ocrx_word' id='word_1_186' title='bbox 1266 2547 1373 2612; x_wconf 88' lang='lat' dir='ltr'>studia</span> <span class='ocrx_word' id='word_1_187' title='bbox 1396 2546 1556 2632; x_wconf 83' lang='lat' dir='ltr'>Corippea</span> <span class='ocrx_word' id='word_1_188' title='bbox 1578 2555 1760 2614; x_wconf 87' lang='lat' dir='ltr'>carnerunt.</span> <span class='ocrx_word' id='word_1_189' title='bbox 1843 2555 1844 2558; x_wconf 76' lang='grc'>’</span> 
     </span>
    </p>
   </div>
   <div class='ocr_carea' id='block_1_3' title="bbox 1073 2807 1432 2816">
    <p class='ocr_par' dir='ltr' id='par_1_3' title="bbox 1073 2807 1432 2816">
     <span class='ocr_line' id='line_1_19' title="bbox 1073 2807 1432 2816; baseline -0.003 -2"><span class='ocrx_word' id='word_1_190' title='bbox 1073 2807 1432 2816; x_wconf 75' lang='lat'>———-—</span> 
     </span>
    </p>
   </div>
   <div class='ocr_carea' id='block_1_4' title="bbox 436 3007 2073 3236">
    <p class='ocr_par' dir='ltr' id='par_1_4' title="bbox 436 3007 2073 3236">
     <span class='ocr_line' id='line_1_20' title="bbox 521 3007 2072 3095; baseline -0.002 -20"><span class='ocrx_word' id='word_1_191' title='bbox 521 3011 591 3076; x_wconf 89' lang='lat' dir='ltr'>Iam</span> <span class='ocrx_word' id='word_1_192' title='bbox 614 3030 710 3095; x_wconf 90' lang='lat' dir='ltr'>opere</span> <span class='ocrx_word' id='word_1_193' title='bbox 733 3010 879 3076; x_wconf 88' lang='lat' dir='ltr'>absoluto</span> <span class='ocrx_word' id='word_1_194' title='bbox 902 3008 998 3075; x_wconf 88' lang='lat' dir='ltr'>linem</span> <span class='ocrx_word' id='word_1_195' title='bbox 1022 3009 1183 3076; x_wconf 90' lang='lat' dir='ltr'>scribendi</span> <span class='ocrx_word' id='word_1_196' title='bbox 1205 3009 1260 3092; x_wconf 91' lang='lat' dir='ltr'>qui</span> <span class='ocrx_word' id='word_1_197' title='bbox 1283 3010 1418 3092; x_wconf 84' lang='lat' dir='ltr'>faciam,</span> <span class='ocrx_word' id='word_1_198' title='bbox 1444 3009 1507 3076; x_wconf 91' lang='lat' dir='ltr'>nisi</span> <span class='ocrx_word' id='word_1_199' title='bbox 1530 3010 1695 3092; x_wconf 85' lang='lat' dir='ltr'>omnibus,</span> <span class='ocrx_word' id='word_1_200' title='bbox 1720 3008 1776 3092; x_wconf 90' lang='lat' dir='ltr'>qui</span> <span class='ocrx_word' id='word_1_201' title='bbox 1798 3008 1832 3072; x_wconf 94' lang='lat' dir='ltr'>in</span> <span class='ocrx_word' id='word_1_202' title='bbox 1855 3007 1995 3092; x_wconf 82' lang='lat' dir='ltr'>Corippo</span> <span class='ocrx_word' id='word_1_203' title='bbox 2018 3027 2072 3073; x_wconf 93' lang='lat' dir='ltr'>re-</span> 
     </span>
     <span class='ocr_line' id='line_1_21' title="bbox 436 3127 2073 3236; baseline -0.005 -38"><span class='ocrx_word' id='word_1_204' title='bbox 436 3131 612 3211; x_wconf 90' lang='lat' dir='ltr'>censendo,</span> <span class='ocrx_word' id='word_1_205' title='bbox 647 3129 857 3216; x_wconf 89' lang='lat' dir='ltr'>explicando,</span> <span class='ocrx_word' id='word_1_206' title='bbox 890 3129 1093 3194; x_wconf 88' lang='lat' dir='ltr'>emendando</span> <span class='ocrx_word' id='word_1_207' title='bbox 1115 3150 1167 3196; x_wconf 92' lang='lat' dir='ltr'>me</span> <span class='ocrx_word' id='word_1_208' title='bbox 1189 3130 1383 3196; x_wconf 84' lang='lat' dir='ltr'>adiuverunt</span> <span class='ocrx_word' id='word_1_209' title='bbox 1394 3183 1415 3236; x_wconf 31' lang='grc' dir='ltr'>,χ</span> <span class='ocrx_word' id='word_1_210' title='bbox 1433 3129 1557 3214; x_wconf 89' lang='lat' dir='ltr'>gratias</span> <span class='ocrx_word' id='word_1_211' title='bbox 1583 3128 1711 3214; x_wconf 92' lang='lat' dir='ltr'>publice</span> <span class='ocrx_word' id='word_1_212' title='bbox 1734 3127 1895 3194; x_wconf 70' lang='lat' dir='ltr'>dixerim?</span> <span class='ocrx_word' id='word_1_213' title='bbox 1938 3127 2073 3192; x_wconf 87' lang='lat' dir='ltr'>Praeter</span> 
     </span>
    </p>
   </div>
   <div class='ocr_carea' id='block_1_5' title="bbox 403 3245 2093 4050">
    <p class='ocr_par' dir='ltr' id='par_1_5' title="bbox 403 3245 2093 3933">
     <span class='ocr_line' id='line_1_22' title="bbox 436 3245 2069 3333; baseline -0.005 -15"><span class='ocrx_word' id='word_1_214' title='bbox 436 3258 561 3320; x_wconf 89' lang='lat' dir='ltr'>ceteros</span> <span class='ocrx_word' id='word_1_215' title='bbox 583 3251 668 3316; x_wconf 80' lang='lat' dir='ltr'>viros</span> <span class='ocrx_word' id='word_1_216' title='bbox 691 3248 909 3316; x_wconf 92' lang='lat' dir='ltr'>nobilissimos</span> <span class='ocrx_word' id='word_1_217' title='bbox 932 3255 964 3315; x_wconf 89' lang='lat' dir='ltr'>et</span> <span class='ocrx_word' id='word_1_218' title='bbox 981 3247 1193 3328; x_wconf 90' lang='lat' dir='ltr'>doctissimos,</span> <span class='ocrx_word' id='word_1_219' title='bbox 1219 3268 1299 3332; x_wconf 90' lang='lat' dir='ltr'>quos</span> <span class='ocrx_word' id='word_1_220' title='bbox 1315 3269 1373 3316; x_wconf 88' lang='lat' dir='ltr'>suo</span> <span class='ocrx_word' id='word_1_221' title='bbox 1388 3269 1547 3333; x_wconf 90' lang='lat' dir='ltr'>quemque</span> <span class='ocrx_word' id='word_1_222' title='bbox 1562 3245 1719 3332; x_wconf 90' lang='lat' dir='ltr'>prooemii</span> <span class='ocrx_word' id='word_1_223' title='bbox 1733 3248 1804 3313; x_wconf 91' lang='lat' dir='ltr'>loco</span> <span class='ocrx_word' id='word_1_224' title='bbox 1818 3246 1866 3312; x_wconf 88' lang='lat' dir='ltr'>ita</span> <span class='ocrx_word' id='word_1_225' title='bbox 1880 3245 2069 3324; x_wconf 82' lang='lat' dir='ltr'>memoravi,</span> 
     </span>
     <span class='ocr_line' id='line_1_23' title="bbox 436 3339 2074 3457; baseline -0.005 -19"><span class='ocrx_word' id='word_1_226' title='bbox 436 3379 487 3457; x_wconf 87' lang='lat' dir='ltr'>ut,</span> <span class='ocrx_word' id='word_1_227' title='bbox 522 3370 600 3455; x_wconf 89' lang='lat' dir='ltr'>qnid</span> <span class='ocrx_word' id='word_1_228' title='bbox 622 3370 666 3437; x_wconf 91' lang='lat' dir='ltr'>ad</span> <span class='ocrx_word' id='word_1_229' title='bbox 687 3369 771 3436; x_wconf 92' lang='lat' dir='ltr'>hanc</span> <span class='ocrx_word' id='word_1_230' title='bbox 793 3369 968 3435; x_wconf 90' lang='lat' dir='ltr'>editionem</span> <span class='ocrx_word' id='word_1_231' title='bbox 991 3368 1175 3451; x_wconf 88' lang='lat' dir='ltr'>augendam</span> <span class='ocrx_word' id='word_1_232' title='bbox 1198 3369 1384 3450; x_wconf 84' lang='lat' dir='ltr'>contulerit,</span> <span class='ocrx_word' id='word_1_233' title='bbox 1410 3374 1598 3454; x_wconf 89' lang='lat' dir='ltr'>appareret,</span> <span class='ocrx_word' id='word_1_234' title='bbox 1625 3388 1723 3433; x_wconf 90' lang='lat' dir='ltr'>unum</span> <span class='ocrx_word' id='word_1_235' title='bbox 1746 3387 1787 3433; x_wconf 85' lang='lat' dir='ltr'>ex</span> <span class='ocrx_word' id='word_1_236' title='bbox 1809 3365 1924 3432; x_wconf 90' lang='lat' dir='ltr'>amicis</span> <span class='ocrx_word' id='word_1_237' title='bbox 1946 3339 2074 3431; x_wconf 78' lang='lat' dir='ltr'>Vratis-</span> 
     </span>
     <span class='ocr_line' id='line_1_24' title="bbox 436 3483 2069 3573; baseline -0.006 -16"><span class='ocrx_word' id='word_1_238' title='bbox 436 3490 636 3560; x_wconf 80' lang='lat' dir='ltr'>laviensibus</span> <span class='ocrx_word' id='word_1_239' title='bbox 665 3489 742 3572; x_wconf 89' lang='lat' dir='ltr'>quin</span> <span class='ocrx_word' id='word_1_240' title='bbox 772 3495 864 3573; x_wconf 86' lang='lat' dir='ltr'>grato</span> <span class='ocrx_word' id='word_1_241' title='bbox 893 3488 1000 3554; x_wconf 89' lang='lat' dir='ltr'>animo</span> <span class='ocrx_word' id='word_1_242' title='bbox 1030 3487 1083 3556; x_wconf 94' lang='lat' dir='ltr'>hic</span> <span class='ocrx_word' id='word_1_243' title='bbox 1111 3487 1271 3554; x_wconf 92' lang='lat' dir='ltr'>nominem</span> <span class='ocrx_word' id='word_1_244' title='bbox 1301 3488 1408 3554; x_wconf 84' lang='lat' dir='ltr'>facere</span> <span class='ocrx_word' id='word_1_245' title='bbox 1438 3507 1502 3553; x_wconf 93' lang='lat' dir='ltr'>non</span> <span class='ocrx_word' id='word_1_246' title='bbox 1531 3506 1680 3572; x_wconf 85' lang='lat' dir='ltr'>possum,</span> <span class='ocrx_word' id='word_1_247' title='bbox 1716 3486 1886 3570; x_wconf 89' lang='lat' dir='ltr'>Hngonem</span> <span class='ocrx_word' id='word_1_248' title='bbox 1917 3483 2069 3564; x_wconf 88' lang='lat' dir='ltr'>Michael‚</span> 
     </span>
     <span class='ocr_line' id='line_1_25' title="bbox 419 3605 2093 3702; baseline -0.007 -23"><span class='ocrx_word' id='word_1_249' title='bbox 419 3610 600 3697; x_wconf 86' lang='lat' dir='ltr'>gymnasii</span> <span class='ocrx_word' id='word_1_250' title='bbox 621 3607 833 3678; x_wconf 82' lang='lat' dir='ltr'>Fridericiani</span> <span class='ocrx_word' id='word_1_251' title='bbox 855 3614 1106 3694; x_wconf 87' lang='lat' dir='ltr'>praeceptorem.</span> <span class='ocrx_word' id='word_1_252' title='bbox 1153 3607 1297 3702; x_wconf 82' lang='lat' dir='ltr'>Quocum</span> <span class='ocrx_word' id='word_1_253' title='bbox 1326 3607 1361 3673; x_wconf 93' lang='lat' dir='ltr'>in</span> <span class='ocrx_word' id='word_1_254' title='bbox 1391 3607 1487 3673; x_wconf 90' lang='lat' dir='ltr'>rebus</span> <span class='ocrx_word' id='word_1_255' title='bbox 1510 3605 1746 3672; x_wconf 84' lang='lat' dir='ltr'>difficilioribus</span> <span class='ocrx_word' id='word_1_256' title='bbox 1768 3613 1893 3670; x_wconf 88' lang='lat' dir='ltr'>tantum</span> <span class='ocrx_word' id='word_1_257' title='bbox 1915 3624 1979 3672; x_wconf 92' lang='lat' dir='ltr'>non</span> <span class='ocrx_word' id='word_1_258' title='bbox 2002 3623 2093 3668; x_wconf 91' lang='lat' dir='ltr'>om-.</span> 
     </span>
     <span class='ocr_line' id='line_1_26' title="bbox 403 3723 2070 3814; baseline -0.005 -16"><span class='ocrx_word' id='word_1_259' title='bbox 403 3725 405 3730; x_wconf 73' lang='grc'><strong>’</strong></span> <span class='ocrx_word' id='word_1_260' title='bbox 435 3732 530 3798; x_wconf 91' lang='lat' dir='ltr'>nibus</span> <span class='ocrx_word' id='word_1_261' title='bbox 559 3737 626 3798; x_wconf 86' lang='lat' dir='ltr'>tam</span> <span class='ocrx_word' id='word_1_262' title='bbox 654 3749 752 3814; x_wconf 90' lang='lat' dir='ltr'>saepe</span> <span class='ocrx_word' id='word_1_263' title='bbox 781 3726 951 3794; x_wconf 89' lang='lat' dir='ltr'>consilium</span> <span class='ocrx_word' id='word_1_264' title='bbox 982 3728 1117 3806; x_wconf 91' lang='lat' dir='ltr'>contuli,</span> <span class='ocrx_word' id='word_1_265' title='bbox 1151 3733 1186 3792; x_wconf 90' lang='lat' dir='ltr'>nt</span> <span class='ocrx_word' id='word_1_266' title='bbox 1209 3747 1313 3809; x_wconf 89' lang='lat' dir='ltr'>neque</span> <span class='ocrx_word' id='word_1_267' title='bbox 1336 3724 1486 3792; x_wconf 91' lang='lat' dir='ltr'>editionis</span> <span class='ocrx_word' id='word_1_268' title='bbox 1508 3726 1645 3808; x_wconf 87' lang='lat' dir='ltr'>librum,</span> <span class='ocrx_word' id='word_1_269' title='bbox 1678 3745 1738 3791; x_wconf 91' lang='lat' dir='ltr'>uec</span> <span class='ocrx_word' id='word_1_270' title='bbox 1766 3723 2070 3809; x_wconf 84' lang='lat' dir='ltr'>prooemii‘partem</span> 
     </span>
     <span class='ocr_line' id='line_1_27' title="bbox 435 3845 1559 3933; baseline -0.004 -16"><span class='ocrx_word' id='word_1_271' title='bbox 435 3851 535 3917; x_wconf 92' lang='lat' dir='ltr'>ullam</span> <span class='ocrx_word' id='word_1_272' title='bbox 558 3851 711 3918; x_wconf 84' lang='lat' dir='ltr'>denotare</span> <span class='ocrx_word' id='word_1_273' title='bbox 734 3848 865 3933; x_wconf 85' lang='lat' dir='ltr'>possim,</span> <span class='ocrx_word' id='word_1_274' title='bbox 890 3847 924 3912; x_wconf 91' lang='lat' dir='ltr'>in</span> <span class='ocrx_word' id='word_1_275' title='bbox 947 3867 1012 3932; x_wconf 87' lang='lat' dir='ltr'>qna</span> <span class='ocrx_word' id='word_1_276' title='bbox 1034 3847 1104 3914; x_wconf 89' lang='lat' dir='ltr'>eius</span> <span class='ocrx_word' id='word_1_277' title='bbox 1126 3847 1283 3912; x_wconf 84' lang='lat' dir='ltr'>auxilinm</span> <span class='ocrx_word' id='word_1_278' title='bbox 1306 3845 1385 3911; x_wconf 92' lang='lat' dir='ltr'>mihi</span> <span class='ocrx_word' id='word_1_279' title='bbox 1408 3845 1559 3913; x_wconf 85' lang='lat' dir='ltr'>defuerit.</span> 
     </span>
    </p>

    <p class='ocr_par' dir='ltr' id='par_1_6' title="bbox 521 3963 2072 4050">
     <span class='ocr_line' id='line_1_28' title="bbox 521 3963 2072 4050; baseline -0.006 -14"><span class='ocrx_word' id='word_1_280' title='bbox 521 3970 585 4036; x_wconf 83' lang='lat' dir='ltr'>Tot</span> <span class='ocrx_word' id='word_1_281' title='bbox 613 3975 772 4036; x_wconf 84' lang='lat' dir='ltr'>tantomm</span> <span class='ocrx_word' id='word_1_282' title='bbox 800 3967 940 4034; x_wconf 86' lang='lat' dir='ltr'>viromm</span> <span class='ocrx_word' id='word_1_283' title='bbox 969 3965 1053 4034; x_wconf 90' lang='lat' dir='ltr'>curis</span> <span class='ocrx_word' id='word_1_284' title='bbox 1081 3966 1250 4034; x_wconf 90' lang='lat' dir='ltr'>benevolis</span> <span class='ocrx_word' id='word_1_285' title='bbox 1272 3985 1313 4034; x_wconf 91' lang='lat' dir='ltr'>ne</span> <span class='ocrx_word' id='word_1_286' title='bbox 1335 3963 1469 4050; x_wconf 88' lang='lat' dir='ltr'>indigna</span> <span class='ocrx_word' id='word_1_287' title='bbox 1492 3965 1624 4032; x_wconf 88' lang='lat' dir='ltr'>editoris</span> <span class='ocrx_word' id='word_1_288' title='bbox 1646 3964 1754 4032; x_wconf 87' lang='lat' dir='ltr'>studia</span> <span class='ocrx_word' id='word_1_289' title='bbox 1775 3963 1963 4045; x_wconf 89' lang='lat' dir='ltr'>videantur,</span> <span class='ocrx_word' id='word_1_290' title='bbox 1996 3969 2072 4047; x_wconf 91' lang='lat' dir='ltr'>opto</span> 
     </span>
    </p>
   </div>
   <div class='ocr_carea' id='block_1_6' title="bbox 435 4098 1260 4310">
    <p class='ocr_par' dir='ltr' id='par_1_7' title="bbox 435 4098 1260 4310">
     <span class='ocr_line' id='line_1_29' title="bbox 435 4098 556 4157; baseline -0.025 0"><span class='ocrx_word' id='word_1_291' title='bbox 435 4098 468 4157; x_wconf 95' lang='lat' dir='ltr'>et</span> <span class='ocrx_word' id='word_1_292' title='bbox 490 4109 556 4156; x_wconf 89' lang='lat' dir='ltr'>oro.</span> 
     </span>
     <span class='ocr_line' id='line_1_30' title="bbox 520 4241 1260 4310; baseline -0.003 -2"><span class='ocrx_word' id='word_1_293' title='bbox 520 4242 736 4310; x_wconf 84' lang='lat' dir='ltr'>Vratislaviae</span> <span class='ocrx_word' id='word_1_294' title='bbox 757 4241 870 4310; x_wconf 90' lang='lat' dir='ltr'>Idibus</span> <span class='ocrx_word' id='word_1_295' title='bbox 893 4241 1083 4309; x_wconf 88' lang='lat' dir='ltr'>Octobribus</span> <span class='ocrx_word' id='word_1_296' title='bbox 1105 4259 1137 4306; x_wconf 87' lang='lat' dir='ltr'>a.</span> <span class='ocrx_word' id='word_1_297' title='bbox 1165 4241 1260 4306; x_wconf 82' lang='lat'><strong>1879.</strong></span> 
     </span>
    </p>
   </div>
   <div class='ocr_carea' id='block_1_7' title="bbox 1587 4387 1961 4490">
    <p class='ocr_par' dir='ltr' id='par_1_8' title="bbox 1587 4387 1961 4490">
     <span class='ocr_line' id='line_1_31' title="bbox 1587 4387 1961 4490; baseline -0.005 -22"><span class='ocrx_word' id='word_1_298' title='bbox 1587 4389 1765 4490; x_wconf 83' lang='lat' dir='ltr'>loseplma</span> <span class='ocrx_word' id='word_1_299' title='bbox 1794 4387 1961 4467; x_wconf 81' lang='lat' dir='ltr'>Parlsclr.</span> 
     </span>
    </p>
   </div>
   <div class='ocr_carea' id='block_1_8' title="bbox 0 0 2278 6420">
    <p class='ocr_par' dir='ltr' id='par_1_9' title="bbox 0 0 2278 6420">
     <span class='ocr_line' id='line_1_32' title="bbox 0 0 2278 6420; baseline 0 1"><span class='ocrx_word' id='word_1_300' title='bbox 0 0 2278 6420; x_wconf 95' lang='lat' dir='ltr'> </span> 
     </span>
    </p>
   </div>
  </div>
 </body>
</html>
