4576 6428
942 433 1174 490 PRAEFATIO.
1828 439 1876 506 IX

246 656 343 736 mape's
366 673 422 717 aas
444 653 577 717 homiues
600 657 744 718 mortales
766 643 929 738 despicere]
963 677 1024 718 aaa
1046 657 1195 721 debemus.
1243 657 1287 739 Η,
1314 659 1355 721 98
1378 663 1408 722 sl
1431 707 1438 720 .
1465 707 1474 723 .
1500 664 1590 724 latret
1612 663 1725 744 aliquis
1749 664 1878 745 infidelia

124 781 128 788 '
244 784 299 837 aul
321 775 425 851 adlato,
451 774 702 860 cocciacum-,ot
723 775 861 839 omuibus
888 777 1100 858 [meatuum
1122 777 1160 840 ub
1178 777 1342 860 amaitaei.
1381 777 1460 844 ibid.
1478 799 1547 842 cum
1563 781 1731 845 adoramus
1742 791 1876 864 patrem,

244 895 397 956 credimus
423 893 462 975 [el
480 895 578 974 filium
600 903 629 956 et
648 898 794 977 spiritum
808 905 947 960 eoscum
962 897 1107 977 adorate,
1133 900 1207 980 quia
1219 906 1250 960 et
1264 918 1332 962 cum
1350 899 1448 980 fillum
1470 901 1657 978 mactamus,
1681 910 1800 982 patrem
1821 922 1877 966 aaa

243 1013 406 1094 credimus]
433 1015 587 1076 iuvocare.
634 1013 677 1096 Π,
704 1015 745 1078 99
773 1024 807 1079 ul
829 1019 947 1098 Moyses
976 1017 1061 1079 baaru
1092 1017 1143 1080 dei
1169 1019 1343 1099 appellatas
1365 1027 1426 1096 eat,
1457 1021 1502 1084 alc
1523 1039 1544 1082 a
1568 1019 1685 1083 Christo
1709 1021 1878 1086 Cbristiam'

241 1151 469 1214 nuncupamur,
499 1132 554 1214 [sic
574 1135 666 1196 dmm
687 1135 726 1198 ab
748 1137 861 1217 spiritu
883 1137 1040 1217 epemtotu
1062 1137 1266 1219 appellamur]
1289 1141 1354 1202 ete.

329 1250 420 1329 Quae
442 1271 495 1317 res
518 1271 589 1317 cum
610 1252 658 1319 ita
678 1271 714 1318 se
736 1252 864 1336 habeat,
890 1253 1006 1319 mirum
1027 1254 1169 1339 prolecto
1191 1275 1256 1320 uon
1279 1254 1449 1338 videbitur,
1475 1257 1561 1340 quod
1583 1256 1645 1323 loci
1665 1277 1730 1324 non
1752 1259 1871 1343 desint,

241 1369 275 1433 in
298 1370 416 1452 quibus
437 1370 577 1437 incertus
600 1371 746 1454 haereas,
773 1372 836 1437 utri
858 1372 1003 1438 codicum
1026 1372 1171 1442 familiae
1192 1374 1295 1440 maior
1316 1373 1398 1442 fides
1420 1375 1463 1441 sit
1483 1375 1644 1443 habenda.
1685 1377 1781 1446 Velut
1802 1399 1874 1445 cum

241 1488 267 1569 I,
298 1493 335 1552 17
359 1490 392 1554 in
415 1490 499 1555 BLV
521 1491 674 1576 scriptum
697 1491 740 1558 sit
761 1494 834 1555 dum
856 1495 917 1556 lala
937 1503 1100 1576 pmuulur,
1125 1493 1159 1558 in
1181 1495 1209 1558 R
1230 1497 1260 1579 p'
1274 1496 1347 1557 dum
1370 1498 1430 1558 isto
1449 1497 1567 1578 fierent,
1593 1495 1664 1578 quis
1686 1499 1871 1582 praestabit,

240 1613 312 1673 utra
334 1609 449 1675 locutio
471 1631 492 1676 a
514 1609 641 1676 Victore
663 1610 808 1695 profecta
830 1610 893 1677 sita
935 1611 1068 1678 Amator
1093 1614 1213 1698 probae
1235 1612 1404 1680 latinitatis
1425 1613 1564 1698 priorem
1586 1615 1755 1682 lectionem
1777 1637 1873 1701 prae-

240 1725 332 1809 feret,
358 1728 418 1795 sed
438 1729 537 1815 isqui
559 1730 724 1816 scriptoris
746 1750 839 1796 usum
861 1731 1088 1816 ponderaverit
1115 1734 1156 1814 (v.
1173 1732 1316 1798 Iudicem
1332 1732 1376 1797 IV
1393 1751 1419 1797 s.
1438 1753 1470 1798 v.
1490 1735 1587 1817 dum).
1612 1734 1748 1800 alteram
1763 1757 1872 1803 veram

240 1866 313 1912 esse
341 1847 509 1915 iudicabit.
555 1851 621 1916 Res
650 1857 702 1917 est
730 1870 808 1916 sane
838 1851 1068 1917 molestissima
1097 1851 1130 1918 in
1160 1872 1195 1918 re
1217 1851 1327 1918 critica
1348 1852 1516 1918 tractanda
1538 1859 1624 1918 certo
1646 1851 1746 1938 duce,
1776 1877 1872 1940 quem

238 1967 440 2051 potissimum
463 1987 618 2052 sequare,
644 1967 832 2036 destitutum
855 1989 946 2054 esse,
972 1971 1086 2037 sedin
1109 1971 1206 2038 huius
1228 1969 1335 2058 operis
1358 1977 1508 2037 contextu
1531 1972 1752 2040 constituendo
1773 1975 1872 2042 aliam

239 2106 303 2151 non
325 2106 421 2173 posse
444 2087 598 2155 rationem
620 2088 705 2172 iniri,
732 2089 852 2155 codicis
867 2087 1094 2156 Lauduuensis
1109 2091 1251 2156 omnium
1275 2090 1370 2175 longe
1392 2090 1504 2175 optimi
1525 2090 1705 2158 testimonio
1728 2112 1873 2180 compro-

240 2204 351 2289 batur,
377 2207 468 2272 cuius
489 2208 594 2274 honae
617 2208 771 2274 lectiones
791 2207 887 2275 modo
908 2209 942 2274 in
965 2210 1031 2292 BV,
1056 2208 1151 2275 moda
1172 2209 1207 2274 in
1228 2208 1496 2276 Itinveniuntur.
1543 2209 1576 2276 Is
1606 2211 1689 2278 liber
1709 2218 1800 2278 tanta
1821 2222 1871 2281 est

238 2324 379 2392 bonitate
402 2333 499 2410 atque
520 2327 714 2412 integritate,
741 2327 831 2394 utin
852 2335 945 2412 parte
968 2349 1064 2410 quam
1086 2328 1186 2395 habet
1211 2327 1276 2411 (lib.
1294 2327 1338 2412 11,
1364 2328 1381 2412 §
1405 2331 1563 2410 56-101]
1595 2330 1720 2396 nullum
1742 2335 1871 2401 omuino

237 2445 446 2528 vocabulum,
479 2447 566 2530 quad
593 2447 628 2513 in
657 2449 813 2514 alterutra
835 2448 980 2514 codicum
1003 2447 1129 2514 familia
1150 2448 1327 2514 scribarum
1349 2447 1473 2514 incuria
1494 2449 1647 2516 omissum
1670 2460 1735 2534 est,
1768 2453 1802 2518 in
1832 2475 1870 2521 ea

237 2562 449 2632 desideretur.
496 2565 625 2633 Omissa
655 2573 728 2632 sunt
754 2573 862 2632 autem
883 2567 917 2632 in
939 2568 1001 2634 hac
1023 2574 1115 2652 parte
1137 2567 1267 2652 singula
1287 2576 1344 2634 aut
1364 2568 1459 2653 plura
1481 2567 1634 2654 deinceps
1656 2572 1814 2638 vocabula
1835 2572 1868 2638 in

236 2683 292 2748 BV
320 2684 353 2749 in
384 2684 608 2770 duodeviginti
636 2685 704 2752 fere
733 2685 831 2770 locis,
863 2687 897 2751 iu
925 2688 955 2751 R
982 2687 1016 2752 in
1045 2686 1161 2772 viginti
1190 2687 1326 2753 duobus.
1373 2687 1496 2753 Similis
1525 2695 1575 2754 est
1601 2688 1683 2755 ratio
1711 2691 1864 2776 locorum,

234 2821 367 2886 quorum
397 2803 431 2869 in
462 2806 620 2890 scriptura
640 2806 697 2871 ΒΥ
725 2807 807 2872 etit
836 2806 1038 2887 fflscordantc
1070 2806 1105 2872 in
1126 2806 1309 2890 quindecim
1328 2807 1417 2874 enim
1438 2807 1518 2874 loeis
1540 2807 1693 2876 lectiones
1723 2788 1867 2878 codicum

233 2919 300 3005 BV,
333 2923 367 2988 iu
397 2923 512 3008 viginti
543 2924 712 2991 codicisR
740 2947 761 2990 a
789 2925 999 2991 Lauduneusi
1028 2926 1263 2992 confirmantur.
1311 2926 1392 2994 (lum
1420 2927 1596 2993 Ruinartus
1627 2947 1753 3011 quaque
1782 2930 1867 2997 huuc

233 3041 349 3108 librum
372 3043 512 3128 optimae
534 3063 607 3110 esse
627 3050 723 3110 notae
745 3045 951 3126 intellexerit,
976 3045 1011 3110 in
1032 3045 1095 3112 hac
1116 3053 1207 3131 parte
1230 3046 1300 3112 eius
1322 3045 1421 3112 editio
1443 3047 1545 3112 multo
1566 3046 1679 3112 melior
1700 3055 1750 3114 est
1770 3071 1866 3134 quam

232 3160 267 3225 in
289 3161 441 3245 reliquis,
475 3182 535 3228 nec
556 3168 664 3229 tamen
686 3182 786 3229 ausus
808 3170 860 3230 est
879 3164 965 3236 hunc
987 3162 1102 3230 ducem
1124 3165 1210 3230 omni
1232 3165 1297 3231 fide
1320 3165 1454 3250 dignum
1477 3172 1658 3233 constanter
1680 3169 1788 3253 sequi,
1825 3190 1866 3236 ne

234 3280 357 3348 scilicet
377 3281 565 3367 scripturam
588 3281 756 3366 vulgarem
778 3282 913 3348 nimium
934 3282 970 3347 in
992 3282 1121 3349 modum
1144 3291 1364 3352 commutaret.

319 3401 421 3466 Erunt
442 3401 578 3468 fortasse
594 3400 649 3486 qui
664 3401 828 3485 mirentur,
854 3401 941 3487 quad
956 3402 1107 3469 editionis
1121 3423 1247 3488 quoque
1262 3404 1429 3472 Parisinus
1445 3404 1646 3488 lectionibus,
1672 3428 1866 3493 quamquam

233 3520 333 3586 multo
358 3520 497 3587 deterior
518 3528 570 3588 est
590 3520 700 3608 codice
716 3522 921 3589 Bruxellensi
944 3542 985 3588 ex
1007 3521 1120 3589 eadem
1143 3522 1230 3589 fonte
1252 3523 1408 3607 originem
1424 3523 1572 3608 ducente,
1598 3533 1788 3611 apparatum
1804 3530 1866 3595 cri-

230 3639 329 3706 ticum
352 3659 485 3707 onerare
513 3661 577 3706 non
600 3640 823 3707 dubitarimus.
870 3643 940 3708 Hoc
964 3661 1028 3708 uon
1050 3649 1220 3728 propterea
1241 3641 1362 3708 factum
1384 3650 1452 3726 cst,
1484 3642 1571 3728 quod
1592 3665 1686 3711 nemo
1708 3647 1865 3714 editorum

231 3779 303 3825 eam
319 3760 509 3843 cognovisse
524 3759 662 3844 videtur,
681 3760 741 3827 sed
755 3761 842 3844 quod
855 3763 977 3834 multae
992 3761 1147 3829 lectiones
1160 3761 1372 3848 pravissimae
1387 3783 1428 3829 ex
1442 3782 1484 3829 ea
1496 3763 1531 3829 in
1545 3770 1668 3831 textum
1682 3767 1861 3851 vulgarem,

228 3879 264 3944 in
292 3879 404 3965 primis
432 3880 597 3963 Ruinarti,
628 3886 827 3965 propagatae
856 3887 940 3947 sunt.
970 3882 1021 3953 ,Is
1052 3882 1136 3948 enim
1165 3883 1359 3967 permultum
1389 3881 1500 3948 tribuit
1528 3883 1662 3949 editioni
1690 3883 1864 3952 admodum

229 4018 337 4082 rarae,
363 4019 448 4082 quae
470 3998 624 4066 Coloniae
646 3999 736 4085 apud
756 4000 951 4066 Eucherium
980 4021 1012 4066 a.
1039 4003 1119 4066 1537
1145 4000 1273 4086 prodiit.
1321 4001 1589 4068 Reinhardus
1618 4003 1859 4090 Loriehius,

229 4118 284 4200 qui
306 4139 380 4184 eam
403 4119 537 4203 curavit,
563 4119 597 4184 in
620 4119 758 4204 epistola
779 4119 823 4184 ad
836 4118 1059 4188 Eberhardum
1081 4121 1222 4202 aDaun,
1249 4120 1332 4186 arcis
1347 4120 1592 4205 Wartbnrgicae
1614 4129 1647 4188 et
1661 4123 1864 4191 Isenacensis

229 4238 318 4303 urhis
340 4237 556 4322 praelectum,
589 4237 735 4324 praefixa
759 4237 806 4305 ita
827 4238 983 4322 loquitur,
1016 4239 1110 4324 quasi
1131 4238 1268 4306 Victoris
1290 4240 1456 4307 historiam
1485 4240 1608 4326 primm
1631 4241 1784 4322 ediderit3
1812 4244 1864 4311 ait

227 4357 332 4423 enim:
359 4356 445 4441 Scio,
470 4358 520 4423 vir
534 4357 724 4440 clarissime,
749 4365 783 4424 te
804 4356 902 4424 valde
924 4358 1123 4442 miraturum,
1149 4379 1234 4443 quae
1257 4380 1357 4427 causa
1378 4359 1486 4442 fuerit,
1513 4381 1570 4426 cur
1591 4380 1652 4445 ega
1675 4362 1759 4429 hanc
1773 4363 1862 4429 Airi-

227 4497 328 4543 canae
357 4476 590 4562 persecutionis
620 4477 786 4544 historiam
815 4497 837 4542 a
865 4477 1023 4544 tinearum
1046 4478 1162 4562 quibus
1184 4478 1291 4545 arrodi
1319 4479 1491 4547 ridebatur
1519 4479 1637 4546 iniuria
1666 4481 1861 4548 vindicatam

228 4596 384 4663 voluerim
407 4597 468 4662 sub
488 4595 636 4682 auspicio
658 4596 705 4662 tui
727 4595 864 4662 nominis
886 4597 920 4663 in
942 4597 1106 4683 publicum
1128 4598 1266 4682 prodire.
1313 4599 1405 4666 Haec
1432 4600 1532 4666 verba
1560 4620 1633 4666 eum
1663 4599 1770 4668 iacere
1797 4623 1861 4668 uon

226 4716 380 4802 potuisse,
407 4716 436 4782 si
458 4715 608 4782 editionis
629 4713 722 4782 Beati
740 4716 900 4800 Rhenani,
927 4736 1010 4798 quae
1026 4716 1151 4783 duobus
1167 4724 1241 4784 ante
1256 4718 1351 4783 annis
1365 4718 1493 4803 prodiit,
1518 4718 1664 4785 notitiam
1679 4719 1857 4804 habuisset,

225 4843 261 4903 ut
282 4856 340 4922 per
362 4855 397 4903 se
418 4841 519 4922 patet,
544 4835 591 4901 ita
605 4855 646 4901 ex
668 4835 864 4901 recensionis
887 4835 1075 4902 diversitate
1096 4837 1218 4916 elucet;
1243 4856 1304 4903 nec
1318 4842 1427 4902 tamcn
1447 4838 1541 4903 illum
1556 4838 1693 4905 Victoris
1714 4839 1859 4906 libellum

226 4976 266 5022 ex
289 4954 401 5021 codice
423 4974 519 5019 manu
543 4953 663 5038 scripto
684 4954 781 5021 tineis
803 4975 912 5022 arrosa
935 4955 1185 5042 deprompsisse,
1211 4953 1270 5022 sed
1292 4976 1333 5022 ex
1355 4956 1520 5023 rarissima
1541 4957 1683 5024 editione
1698 4959 1855 5042 Parisino,

225 5081 358 5159 utroque
380 5074 528 5159 exemplo
551 5078 699 5139 accurate
720 5073 804 5140 inter
826 5093 862 5141 se
884 5082 1079 5164 comparato,
1105 5096 1145 5142 ex
1161 5074 1347 5142 certissimis
1365 5075 1494 5142 indiciis
1508 5076 1736 5144 intelleximus.
1777 5078 1858 5144 Cum

225 5194 420 5280 exemplum,
446 5213 509 5277 quc
525 5193 674 5260 utebatm
687 5193 865 5278 Loriehius,
891 5195 1020 5261 mendis
1034 5195 1138 5262 amnis
1160 5195 1290 5280 generis
1312 5201 1445 5278 scateat,
1471 5196 1631 5280 quaedam
1652 5196 1709 5262 illc
1727 5196 1857 5281 quidem

223 5313 360 5381 feliciter
389 5313 533 5398 sanavit,
566 5312 633 5378 alia
661 5319 770 5378 umen
799 5313 896 5380 etiam
926 5316 1031 5399 magis
1061 5315 1212 5400 corrupit.
1258 5314 1351 5381 Vnde
1379 5322 1488 5382 autem
1517 5315 1610 5382 multi
1639 5315 1697 5381 alii
1719 5335 1853 5400 errores,

222 5433 339 5516 quibus
360 5432 460 5500 editio
481 5431 639 5515 Ruinarti,
665 5432 804 5498 hominis
826 5432 1047 5518 eruditissimi,
1074 5434 1188 5502 sedin
1210 5440 1279 5500 arte
1302 5434 1415 5501 critica
1428 5455 1542 5521 parum
1557 5435 1688 5518 versati,
1715 5434 1852 5521 laborat,

221 5553 378 5637 originem
401 5552 561 5634 duxerint,
587 5552 723 5618 scrutari
744 5572 807 5617 non
823 5554 1015 5637 curavimus,
1041 5554 1191 5637 quoniam
1207 5574 1249 5620 ex
1264 5553 1455 5620 lectionibus
1471 5553 1680 5640 complurium
1696 5555 1852 5639 codicum,

220 5692 301 5755 quos
315 5672 489 5739 Ruinartus
509 5670 658 5738 adhibuit
680 5679 736 5738 aut
756 5672 821 5758 ipsi
841 5672 1053 5758 inspeximus,
1077 5674 1172 5739 nobis
1187 5675 1406 5760 persuasimus
1428 5674 1569 5739 nondum
1592 5673 1734 5742 codicem
1757 5695 1855 5741 mauu

299 5790 385 5833 ilrarou
400 5789 513 5833 arcessa.
