4546 6420
895 373 1122 486 raconmvn.
1665 427 1824 493 xxxvrr

199 655 426 722 Marmaridum
458 654 523 721 dux
546 655 724 736 Carcasan,
758 654 814 720 ubi
842 653 995 719 Iohannis
1024 654 1197 718 exercitum
1228 653 1484 738 appropinquare
1514 653 1682 737 comperit,
1717 652 1823 719 statim

200 797 271 841 cunr
295 776 447 841 Romanis
469 774 704 859 confligendum
727 793 799 839 esse
822 774 957 840 censuit.
1004 773 1069 839 Sed
1097 773 1175 840 vicit
1197 775 1334 840 Antalae
1363 772 1548 857 consilium,
1582 774 1636 857 qui
1657 773 1824 839 itineribus

200 896 345 980 magnis,
377 895 509 962 aestatis
533 894 711 976 caloribus,
736 895 846 980 inopia
867 893 1068 977 fatigandum
1091 895 1180 978 prius
1202 895 1413 960 Romanorum
1437 893 1628 976 exercitum,
1654 914 1750 976 quam
1772 913 1825 959 ar-

200 1016 261 1082 rnis
290 1017 486 1098 vinceretur,
519 1015 748 1081 demonstravit
756 1017 821 1098 201).
869 1015 1001 1080 Dierum
1030 1014 1129 1098 igitur
1158 1013 1269 1080 decem
1294 1013 1407 1080 itinere
1429 1033 1487 1100 per
1508 1021 1607 1080 totam
1627 1014 1824 1099 provinciam

200 1138 400 1221 Byzacenam
423 1156 524 1219 nsque
546 1137 588 1202 ad
610 1155 697 1200 oram
721 1135 912 1200 maritimam
934 1134 1073 1218 regressi
1095 1135 1198 1200 blauri
1220 1133 1253 1200 in
1275 1155 1353 1219 agro
1367 1135 1517 1200 Iuncensi
1539 1134 1822 1219 consederuntW).

200 1256 345 1323 Eandem
368 1257 530 1340 regionem
553 1256 713 1322 Iohannes
742 1256 782 1322 de
812 1255 950 1320 bostium
979 1254 1094 1320 itinere
1123 1275 1181 1339 per
1203 1255 1436 1339 exploratores,
1470 1255 1510 1320 de
1533 1255 1670 1321 Antalae
1692 1255 1825 1321 consilio

200 1377 398 1462 captivorum
421 1376 527 1442 verbis
550 1375 665 1442 certior·
686 1375 790 1442 factus
811 1375 997 1462 petivit²⁰⁸l
1046 1374 1127 1441 Cum
1157 1382 1262 1441 autern
1292 1383 1368 1440 turm
1389 1395 1514 1458 quoque
1537 1376 1645 1441 hostes
1668 1375 1823 1460 proelium

201 1497 415 1563 detrectantes
443 1517 463 1561 a
493 1497 585 1562 litore
614 1497 648 1561 in
670 1496 832 1579 regionem
855 1494 1016 1578 quandam
1040 1495 1170 1579 Byzacii
1193 1495 1410 1561 meridionalis
1433 1496 1592 1564 montibus
1615 1495 1751 1561 obsitam
1774 1517 1826 1561 re-

201 1616 430 1702 cederent209),
462 1616 613 1703 persequi
642 1635 698 1682 ecs
720 1617 879 1681 Iohannes
908 1614 1031 1680 destitit
1060 1622 1091 1679 et
1121 1615 1154 1679 in
1184 1635 1240 1680 ora
1268 1615 1427 1681 maritima
1449 1624 1562 1683 eastra
1584 1617 1737 1699 munivit,
1771 1615 1826 1682 ubi

201 1737 360 1804 exercitus
390 1755 514 1802 summa
543 1743 575 1802 et
604 1736 768 1803 celeritate
798 1744 831 1802 et
860 1735 1029 1802 securitate
1059 1742 1253 1800 commeatus
1275 1736 1411 1801 navibus
1434 1736 1574 1820 undique
1596 1737 1747 1803 advectos
1769 1757 1827 1803 ac-

127 1839 129 1842 *
201 1858 397 1943 ciperet²¹⁰).
445 1858 526 1922 Fore
549 1857 632 1922 enirn
657 1855 853 1939 confidebat,
887 1863 922 1920 ut
942 1855 1052 1920 hostes
1075 1875 1092 1920 e
1114 1855 1209 1920 terris
1231 1856 1355 1940 asperis
1378 1857 1587 1942 incultisque,
1621 1875 1701 1941 quas
1723 1856 1827 1943 petie-

200 1986 282 2059 rant,
308 1999 381 2043 mox
404 1977 513 2062 inopia
534 1977 635 2042 coacti
657 1977 701 2042 ad
724 1977 816 2042 litora
837 1982 1080 2042 reverterentur.
1128 1975 1224 2040 Haud
1247 1975 1344 2042 dubie
1365 1977 1438 2062 ipsa
1460 1978 1493 2042 in
1515 1979 1645 2062 regione
1668 1979 1827 2045 maritima

201 2118 256 2164 eos
278 2105 491 2183 expectasset,
518 2097 579 2162 nisi
604 2098 763 2163 exereitus
786 2095 934 2180 Byzantii
957 2094 1129 2176 seditione,
1156 2103 1192 2160 nt
1213 2077 1291 2162 belli
1313 2087 1410 2161 linem
1431 2099 1641 2178 acceleraret,
1668 2099 1826 2165 adductus

200 2225 297 2284 esset.
336 2218 456 2283 Milites
479 2217 614 2283 Romani
636 2217 715 2283 belli
737 2216 888 2302 periculis
910 2223 943 2282 et
964 2216 1126 2282 laboribus
1149 2216 1308 2282 continuis
1332 2217 1478 2300 coniecti,
1504 2220 1652 2285 mercede
1674 2228 1768 2304 pacta
1791 2240 1826 2285 se

199 2339 264 2404 iam
287 2337 409 2404 dudum
432 2338 601 2404 destitutos
623 2357 695 2404 esse
717 2337 977 2421 indignantes²¹¹)
1005 2335 1191 2418 Iohannem,
1219 2356 1315 2418 quem
1337 2338 1485 2404 miseriae
1509 2340 1725 2422 egestatisque
1748 2360 1826 2405 suae

200 2466 361 2525 auctorem
390 2457 657 2540 criminabantur,
691 2458 788 2523 annis
819 2456 944 2522 infestis
974 2457 1164 2541 petiverunt.
1213 2457 1274 2522 Vix
1297 2458 1431 2522 Iohanni
1458 2459 1521 2543 ipsi
1543 2480 1614 2525 cum
1638 2459 1778 2526 ducibus'
1796 2468 1828 2525 et

200 2579 368 2663 armigeris
391 2577 463 2644 iidie
486 2578 624 2644 evadere
647 2577 760 2644 castris
782 2577 969 2658 irrriosis²¹²l
997 2585 1030 2642 et
1051 2577 1232 2643 Maurorum
1255 2577 1490 2643 foederatorum
1513 2581 1630 2664 opem)
1656 2581 1827 2645 tumultum

200 2701 413 2764 Romanorum
445 2698 652 2783 comprimere
682 2697 824 2780 contigit.
871 2697 934 2762 Vbi
965 2695 1152 2762 seditionem
1184 2697 1324 2779 sedavit,
1363 2699 1519 2781 magister
1546 2700 1678 2765 consilio
1707 2706 1828 2766 mutato

201 2820 310 2885 hostes
332 2817 495 2884 insecutus
518 2818 605 2883 band
627 2818 723 2902 longe
746 2818 787 2883 ab
809 2816 851 2882 iis
873 2817 907 2882 in
930 2817 1051 2901 campis
1073 2816 1204 2883 Catonis
1226 2819 1443 2901 censedit²¹⁴l⁰
1492 2818 1557 2885 Sed
1585 2827 1650 2886 tam
1676 2820 1758 2886 bene
1781 2821 1829 2885 lo

203 2960 311 3004 corum
342 2946 457 3004 natura
486 2938 624 3004 boetium
654 2945 760 3003 eastra
789 2936 910 3002 munita
940 2936 1078 3018 invenit,
1112 2946 1147 3004 ut
1174 2939 1352 3022 expugnari
1381 2959 1476 3024 posse
1499 2960 1538 3006 ea
1561 2941 1736 3028 desperans
1757 2941 1827 3026 ipse

201 3060 340 3142 quietern
368 3079 465 3142 agere
498 3059 723 3139 constitueret,
757 3058 857 3123 donec
887 3057 1038 3122 immenti
1066 3056 1175 3142 inopia
1201 3058 1302 3124 coacti
1332 3079 1350 3124 c
1381 3059 1459 3126 locis
1488 3059 1612 3146 asperis
1641 3061 1674 3126 in
1697 3081 1827 3145 campos
1899 3039 1902 3046 ⁴

200 3181 315 3266 planos
346 3179 588 3245 descenderent.
636 3178 726 3257 Quae
757 3197 831 3262 spes
861 3197 933 3243 eum
964 3197 1029 3242 non
1058 3176 1251 3260 feraliter).
1297 3179 1414 3245 Paucis
1444 3181 1528 3246 enim
1559 3180 1674 3248 diebus
1700 3191 1773 3268 post
1793 3182 1827 3247 in
1923 3245 1933 3260 ,

200 3300 333 3386 planitie
355 3298 569 3365 Marmaridae
599 3304 704 3364 castra
726 3304 910 3383 posuerunt.
956 3297 1052 3362 Brevi
1082 3296 1199 3364 deinde
1228 3298 1341 3365 itinere
1372 3320 1443 3374 curn
1472 3299 1515 3366 ad
1543 3301 1654 3368 hostes
1683 3303 1826 3387 proxime

200 3421 361 3486 lohannes
383 3418 653 3500 accessisset210),
687 3416 846 3484 dominica
869 3417 979 3498 die²¹⁷l
1016 3417 1174 3484 exercitus
1204 3425 1335 3503 uterque
1365 3420 1407 3486 ad
1429 3421 1584 3505 proelium
1608 3421 1741 3490 eductus
1764 3431 1822 3490 est.

201 3541 436 3624 Congressione
467 3539 553 3604 facta
581 3538 718 3624 primum
748 3537 907 3604 exercitus
929 3537 1064 3603 Romani
1092 3559 1190 3605 cornu
1212 3539 1365 3618 alterum,
1401 3540 1452 3606 cui
1474 3541 1611 3626 Casina,
1643 3544 1825 3610 Maurorum

201 3662 349 3745 regulus,
389 3667 422 3725 et
441 3658 654 3756 ‘Putzintulus
687 3656 753 3723 dux
787 3665 972 3748 praeerant,
1013 3657 1054 3722 ab
1088 3658 1233 3724 hostibus
1270 3659 1477 3726 vehementer
1513 3681 1644 3746 pressus
1682 3665 1823 3732 lababat.

285 3997 342 4058 266)
366 3998 421 4046 Cor.
441 3996 494 4044 lob.
514 3997 563 4044 Vll
581 3993 726 4046 use-aio.

285 4090 343 4153 261)
365 4090 419 4140 Cor.
441 4090 494 4139 lob.
514 4090 564 4138 VII
583 4089 729 4140 ato-373.
749 4087 894 4140 eoi-393.

284 4185 342 4250 268)
365 4186 419 4234 Cor.
439 4185 494 4234 lob.
514 4186 576 4233 Vlll
594 4183 637 4238 26.

284 4278 344 4341 209)
365 4279 419 4329 Cer.
440 4280 494 4329 lob.
515 4280 577 4327 VllI
596 4277 638 4329 39.
664 4279 775 4326 Tauxier
794 4279 854 4328 lter.
870 4279 925 4326 Air.
941 4276 989 4325 xx
1005 4276 1069 4327 1616
1088 4292 1113 4339 p.
1129 4277 1179 4327 2118
1198 4280 1229 4326 ils
1248 4293 1274 4328 se
1292 4279 1407 4328 niterent
1425 4281 1457 4329 de
1475 4280 1604 4347 decemper
1623 4292 1648 4331 et
1667 4283 1697 4332 de
1717 4298 1742 4333 se
1758 4287 1826 4345 jeter

197 4368 259 4415 dans
277 4367 302 4415 le
320 4366 411 4415 messii
427 4369 470 4429 qul
488 4366 566 4415 borda
584 4379 616 4415 ιιι
635 4365 682 4414 006
700 4366 723 4413 la
743 4365 915 4427 Tripolitalne.
935 4390 969 4399 -
988 4363 1041 4411 Non
1060 4365 1088 4411 in
1107 4365 1286 4428 Tripolitanum
1304 4367 1469 4427 provinciam,
1497 4367 1541 4415 sed
1564 4368 1592 4416 in
1611 4368 1706 4428 byzacii
1725 4377 1824 4420 uatum

196 4459 292 4515 partem
310 4459 450 4501 extremam
461 4439 665 4513 'meridionalem
686 4453 714 4499 in
734 4459 830 4500 montes
849 4452 952 4499 forsitan
971 4451 1082 4498 Tritonis
1099 4451 1164 4500 locut
1181 4453 1287 4512 vicinos,
1307 4451 1406 4501 Mauros
1424 4454 1558 4502 recessisse
1575 4455 1635 4503 inde
1653 4460 1822 4520 consequitur,

196 4539 261 4602 quod
271 4553 364 4602 pugna,
376 4553 425 4601 qus
433 4539 517 4601 paullo
526 4546 582 4600 post
591 4537 714 4586 lebannes
725 4538 822 4586 bieures
833 4537 863 4585 ad
872 4537 1070 4586 internecionem
1081 4538 1148 4598 vicit,
1164 4539 1191 4585 in
1201 4538 1305 4596 Byzacio
1314 4539 1444 4587 commisse
1453 4546 1502 4587 est.
1521 4541 1553 4588 cf.
1565 4541 1618 4590 lob.
1632 4543 1667 4589 Vl
1679 4542 1822 4592 ist-ist.
1833 4533 1836 4540 ’

281 4630 340 4696 216)
362 4631 417 4682 Cor.
429 4633 490 4682 lob.
511 4634 573 4681 viii
592 4631 703 4682 26-31.
724 4629 835 4681 11-18.
874 4631 922 4678 vbt
940 4636 1027 4692 portus
1046 4630 1175 4689 Leriscus,
1196 4645 1244 4693 quo
1262 4645 1337 4680 nares
1357 4633 1531 4681 frumentarias
1550 4638 1681 4685 convenire
1700 4637 1823 4686 lebannes

196 4720 278 4779 iussit,
299 4720 364 4768 situs
381 4719 468 4778 inerit,
487 4720 637 4778 ignoramus.

283 4811 342 4874 211)
363 4813 419 4862 Cor.
439 4812 492 4860 lob.
514 4810 633 4860 111181.
656 4811 697 4860 65.

285 4906 342 4969 212)
365 4906 420 4956 Cor.
441 4906 492 4956 lob.
514 4908 575 4955 vill
597 4906 652 4956 11Ι.

282 4999 339 5061 213)
362 5000 573 5051 Cor.lob.V111
594 4999 736 5051 121-129,
760 4999 817 5050 itt.
840 4997 896 5048 tte.

281 5095 341 5158 211)
362 5095 418 5148 Cor.
439 5095 492 5145 lob.
513 5095 574 5144 Vlll
596 5094 653 5145 165.
676 5094 734 5146 166.
771 5095 821 5142 Vbi
840 5094 935 5142 tuerint
954 5095 1034 5156 campi
1053 5093 1155 5144 Catonis
1173 5102 1200 5143 et
1217 5095 1285 5144 unde
1303 5107 1392 5144 nemen
1411 5095 1538 5158 duxerint,
1564 5097 1659 5146 nescire
1678 5111 1715 5146 me
1733 5099 1820 5146 iateor.

196 5184 250 5231 Non
268 5195 345 5246 prope
362 5183 461 5230 Vticam
485 5181 566 5230 luisse
583 5207 618 5218 -
636 5181 662 5229 id
686 5181 751 5244 quod
769 5180 978 5229 Muzuccbelllus
1002 5181 1144 5242 suspicatus
1167 5188 1207 5229 est
1223 5207 1258 5218 -
1276 5181 1319 5230 sed
1337 5183 1364 5230 ln
1384 5182 1489 5241 Byzacio
1507 5183 1625 5231 interiore
1643 5189 1748 5231 censam.
1785 5186 1820 5232 01.

193 5269 246 5318 Iob.
267 5269 302 5316 Vl
323 5266 467 5318 tei-tet,

281 5361 338 5425 215)
360 5361 415 5412 Gor.
434 5362 487 5411 lob.
509 5361 572 5410 vm
594 5359 738 5411 tot-179.

280 5455 338 5516 216)
360 5455 414 5506 Cor.
434 5455 488 5506 ioh.
509 5453 733 5506 11111225-236.
772 5467 848 5503 versu
867 5452 917 5504 229
1015 5433 1017 5438 ¹
1124 5456 1278 5504 committere
1296 5468 1417 5531 pugnam.

724 5543 816 5591 vicinis
834 5542 909 5590 liceat
927 5542 1035 5590 terrenti
1054 5541 1127 5590 caede
1145 5543 1251 5590 Laterio.

192 5630 248 5690 1001,
271 5642 319 5691 quo
337 5635 476 5692 pugnatum
495 5629 536 5690 sit,
559 5641 649 5676 nomen
668 5629 831 5691 scriptoribus
850 5630 938 5677 ceteris
957 5641 1006 5676 non
1025 5637 1111 5676 notum
1130 5627 1252 5692 corippus
1270 5627 1400 5677 tradidisse
1419 5626 1528 5677 videtur.

281 5723 338 5780 211)
361 5723 415 5773 Cor.
435 5723 488 5772 lob.
509 5723 569 5772 vm
587 5720 646 5772 211.
667 5720 813 5772 tot-m
