4546 6420
809 423 1039 481 IOHANNIDOS
1057 426 1127 480 LIB.
1148 426 1170 480 1.

562 620 613 678 ast
636 613 690 678 nbi
713 614 896 698 compositis
918 613 1023 699 coepit
1044 614 1216 700 procedere
1238 613 1352 680 turmis

562 717 772 801 victricesque
794 718 921 801 aquilas
943 718 1032 784 acies
1054 717 1222 784 ostendere
1246 717 1385 802 campis,

562 821 609 886 sic
630 821 712 887 bene
735 821 872 888 sollicito
894 820 1086 907 dispensans
1108 828 1236 908 pectore
1259 819 1370 886 ductor

561 925 712 990 admonet
733 923 803 1009 ipse
826 925 942 1008 duces,
969 944 1084 991 causas
1105 924 1311 1009 referensque
1335 923 1529 1007 decensque.

566 1029 601 1091 ‘o
623 1027 769 1092 Romana
790 1046 921 1110 manus,
947 1046 1023 1113 spes
1046 1048 1064 1092 o
1086 1027 1244 1093 fidissima
1266 1015 1386 1108 rernm,

561 1151 579 1196 o
602 1129 704 1196 virtus
726 1130 874 1214 orbisque
897 1130 997 1199 decus
1019 1150 1240 1214 summumque
1263 1131 1427 1214 levamen,

559 1232 750 1318 imperiique
772 1232 854 1298 fides
876 1241 909 1299 et
931 1233 1029 1299 nostri
1051 1233 1160 1318 palma
1183 1233 1320 1314 laboris,

433 1357 463 1394 a
562 1343 649 1402 certa
670 1335 746 1403 licet
767 1336 875 1416 vobis,
902 1355 985 1420 quae
1008 1336 1049 1402 sit
1070 1335 1189 1402 fiducia
1211 1337 1317 1421 genti,
1343 1342 1409 1418 est,

559 1439 630 1524 ipse
652 1446 759 1504 tamen
782 1458 954 1506 memorem
976 1439 1113 1506 insidias
1135 1439 1330 1524 fraudesque
1353 1439 1524 1524 dolosque,

559 1547 592 1608 et
613 1542 785 1608 metuenda
805 1562 925 1610 canens
946 1549 998 1626 et,
1023 1563 1107 1625 quae
1128 1542 1332 1628 peragenda,
1358 1543 1538 1609 revolvens.

559 1645 682 1731 proelia
705 1646 785 1712 dura
808 1645 891 1712 dolis
912 1666 1076 1729 nunquam
1099 1666 1229 1714 caruere
1251 1645 1414 1729 malignis.

559 1749 646 1814 bella
669 1768 726 1835 per
747 1749 883 1816 insidias
904 1749 993 1816 acies
1015 1749 1180 1816 Maurusia
1202 1750 1304 1834 gessit

559 1871 702 1937 semper,
729 1860 762 1919 et
783 1853 926 1919 obscuris
949 1852 1053 1919 fidens
1077 1852 1222 1920 subsedit
1247 1852 1412 1918 inarmis.

559 1956 691 2038 solaque
713 1957 874 2041 Massylas
898 1963 1006 2022 servat
1027 1955 1158 2022 fallacia
1180 1956 1284 2037 vires,

559 2066 592 2124 et
612 2058 742 2125 timidos
763 2060 887 2126 bellare
909 2059 1003 2143 facit,
1030 2059 1105 2124 dum
1129 2078 1209 2124 saxa
1231 2059 1371 2124 latebras

559 2162 719 2228 montibus
741 2162 774 2228 in
798 2162 930 2228 summis
952 2169 1008 2228 aut
1030 2162 1105 2228 altis
1126 2161 1259 2228 flumina
1280 2161 1359 2246 ripis
1397 2227 1398 2230 ,

557 2273 739 2350 praestant,
765 2272 821 2332 aut
843 2265 897 2331 ubi
920 2266 1038 2350 glauca
1058 2285 1172 2331 neruus
1194 2264 1349 2331 distendit
1371 2265 1474 2349 oliva,

557 2369 679 2435 arboris
701 2377 758 2435 aut
779 2369 866 2434 altae
889 2368 1040 2434 frondoso
1061 2361 1299 2434 vertice'robur

558 2470 658 2539 efficit
680 2471 813 2538 occultis
834 2471 922 2538 acies
945 2470 1112 2538 subsidere
1135 2471 1267 2557 campis.
1418 2539 1422 2548 ,

365 2601 378 2628 x
477 2645 482 2656 ,
556 2573 724 2640 fraudibus
746 2575 798 2640 bis
820 2582 921 2641 certat
944 2575 1139 2641 committere
1161 2575 1284 2660 proelia
1306 2575 1452 2658 Maurus,

558 2685 593 2742 ut
614 2678 700 2744 celer
721 2677 882 2744 incautum
906 2677 1053 2744 subitans
1075 2685 1235 2744 exterreat
1256 2679 1379 2745 bostem

556 2781 805 2865 ambiguumque
828 2789 970 2867 premat,
997 2780 1097 2846 fretus
1119 2801 1313 2863 numeroque
1336 2781 1469 2865 locoque

451 2907 452 2910 ¹
556 2892 589 2950 et
611 2884 738 2951 domitis
761 2885 899 2951 confisus
922 2884 1026 2968 equis.
1072 2892 1147 2950 tuuc
1169 2884 1306 2968 belliger
1328 2892 1400 2950 sustu

556 2987 707 3071 mittitur,
733 2988 767 3054 in
790 2989 903 3072 planos
926 3007 1017 3054 rarus
1039 2987 1094 3070 qni
1116 2987 1239 3073 proelis
1261 3007 1390 3073 campos

554 3099 704 3175 provocet
724 3099 757 3158 et
778 3092 863 3158 visos
887 3091 1017 3176 fugiens
1038 3098 1214 3176 exaggeret
1236 3091 1356 3157 hostes.

555 3193 611 3258 iile
633 3194 696 3261 levi
720 3213 813 3260 cursu
836 3194 978 3280 praefixo
1001 3193 1134 3260 hastilia
1156 3193 1239 3260 ferro

554 3297 676 3380 vibrat,
702 3305 735 3364 et
755 3297 886 3363 incurvo
909 3317 968 3364 nec
991 3304 1097 3363 cessat
1117 3295 1245 3364 flectere
1268 3317 1348 3382 gyro

445 3425 457 3462 o
555 3399 756 3486 cornipedem
780 3399 946 3466 domitum.
995 3398 1053 3466 sed
1075 3419 1146 3466 cum
1169 3399 1386 3486 properaverit
1408 3399 1527 3483 bostis,

554 3513 623 3570 arte
647 3502 748 3588 fugit,
774 3511 917 3590 comptas
939 3511 974 3570 ut
997 3510 1128 3589 spargat
1150 3503 1287 3570 callidus
1309 3503 1396 3584 alas,

553 3608 629 3673 dum
652 3607 796 3690 sequitur
817 3627 987 3673 numerosa
1009 3627 1123 3673 manus
1145 3607 1322 3690 victrixque
1345 3613 1475 3692 putatur

553 3729 625 3776 esse
648 3709 727 3794 sibi,
754 3718 785 3776 et
807 3717 888 3777 totos
911 3730 1028 3794 agmen
1051 3709 1201 3776 diffundit
1221 3710 1255 3776 in
1277 3729 1383 3793 agros.

552 3813 603 3880 bis
625 3814 694 3898 agit
714 3813 748 3880 in
769 3813 865 3880 bellis
887 3813 1014 3896 fingens
1036 3814 1210 3879 certamina
1232 3813 1345 3879 Marax

551 3916 696 4000 insidiis,
722 3916 823 3984 donec
844 3916 969 3982 medios
990 3916 1143 4002 perdurat
1164 3917 1198 3982 in
1221 3915 1330 3982 hostes

551 4021 667 4087 hostile
690 4021 831 4086 obsessis
853 4019 1058 4085 conclausum
1082 4019 1222 4085 vallibus
1243 4040 1372 4103 agmen.

549 4133 625 4191 tune
647 4123 741 4189 dolus
762 4123 818 4190 iile
841 4129 956 4209 patens
979 4142 1094 4189 saevas
1116 4122 1251 4190 effundit
1272 4122 1433 4205 habenas,

550 4229 788 4310 absconsusque
811 4227 875 4294 ciet
896 4234 962 4294 tota
984 4226 1024 4292 de
1046 4233 1138 4311 parte
1161 4234 1318 4292 catervas.

550 4351 644 4414 quern
666 4338 770 4398 metus
793 4351 868 4397 acer
889 4330 975 4416 agit,
1000 4329 1103 4416 primo
1125 4329 1208 4415 fugit
1229 4329 1285 4394 ille
1308 4329 1457 4395 tumultu.

440 4455 453 4494 a
550 4435 634 4499 hunc
656 4433 773 4518 premit
794 4434 900 4501 elatus
924 4453 1022 4500 saevo
1045 4433 1104 4499 sub
1126 4433 1259 4499 vulnere
1282 4432 1426 4515 Maurus,

548 4557 642 4620 quem
664 4537 863 4622 impavidum
886 4536 980 4602 timor
1000 4537 1071 4621 ipse
1093 4535 1181 4602 facit.
1230 4535 1279 4600 sin
1301 4536 1413 4600 robore
1436 4535 1526 4601 firmo

548 4639 747 4706 constiterint
767 4649 843 4706 tnnc
866 4639 948 4706 forte
971 4639 1049 4724 viri,
1075 4658 1138 4704 non
1160 4638 1229 4704 ulla
1251 4644 1402 4720 sequetur

547 4743 705 4809 audentes
727 4763 871 4828 pugnare
894 4762 1027 4827 manus,
1054 4741 1112 4808 sed
1135 4741 1218 4808 colla
1240 4739 1406 4807 reflectunt

548 4845 659 4911 mollia
680 4846 925 4932 quadrupedum
949 4845 1043 4912 versi.
1091 4845 1137 4912 sic
1159 4844 1247 4911 bella
1269 4843 1467 4928 relinquunt,

547 4949 593 5014 sic
615 4949 703 5014 acies
725 4948 863 5032 fugitiva
886 4948 987 5032 cadit,
1015 4949 1061 5014 sic
1082 4947 1174 5012 firma
1196 4947 1332 5014 resistet.

546 5073 620 5118 narn
643 5051 773 5118 timidos
796 5051 925 5118 fortuna
947 5056 1087 5137 premet,
1113 5057 1286 5134 cautosque
1308 5050 1431 5117 iuvabit

161 5219 336 5228 ————.—·

228 5315 277 5365 519
295 5318 412 5378 aciesque
430 5314 509 5366 Mors.
622 5311 770 5362 hostendere
786 5315 856 5376 cepis
878 5313 899 5360 Τ
1019 5310 1068 5362 520
1086 5311 1149 5361 dnos
1168 5315 1180 5360 1
1196 5326 1241 5373 m.,
1262 5312 1350 5360 ducem
1369 5313 1428 5362 ἕνη.
1455 5311 1475 5359 Τ
1595 5311 1642 5362 521
1663 5315 1783 5378 docetque

159 5401 220 5447 tm.
239 5400 383 5449 Ttolfturn
487 5399 536 5450 525
554 5400 692 5450 certelieet
708 5398 736 5461 Τ,
757 5403 824 5448 certe
835 5399 917 5461 liquet
930 5398 1065 5447 Mommsen
1152 5398 1263 5447 estdeltt
1277 5395 1414 5446 Mommsen
1519 5397 1566 5446 527
1586 5413 1678 5451 senens
1689 5405 1780 5464 scripsi,

158 5487 293 5535 aneusT
413 5487 462 5537 535
481 5485 579 5535 aldeT
701 5481 749 5532 537
768 5484 810 5533 bis
828 5491 908 5534 cenat
924 5484 1011 5544 Betis„
1031 5484 1059 5533 id
1076 5490 1153 5534 certet
1175 5484 1203 5545 Τ,
1223 5485 1335 5546 inceptet
1353 5482 1430 5533 Maza.
1549 5485 1599 5534 538
1617 5487 1731 5535 subitone
1752 5488 1780 5546 Τ,
1818 5533 1819 5536 ,

158 5573 259 5622 nubieus
278 5571 397 5636 boehm,
427 5575 577 5623 subeuntem
601 5570 716 5620 dubitem
734 5569 825 5634 nau,
855 5573 937 5620 subito
956 5570 1036 5621 Most.
1175 5575 1312 5633 perterreat
1336 5569 1421 5618 nam
1554 5570 1604 5620 542
1628 5581 1745 5633 angeret
1766 5574 1786 5620 Τ

158 5657 207 5705 545
225 5657 429 5721 propenderit?
534 5657 583 5708 546
601 5656 735 5706 cdidnsT
838 5656 887 5706 ets
906 5656 1032 5707 muuT
1133 5655 1180 5706 551
1201 5658 1302 5706 obtexis
1313 5670 1369 5705 curn
1382 5656 1493 5706 clsnsnnr
1511 5658 1531 5704 Τ
1628 5657 1677 5708 653
1695 5674 1784 5709 aeeon-

157 5758 245 5806 msque
265 5747 314 5792 rint
334 5744 355 5791 Τ
457 5744 506 5794 566
524 5744 679 5807 impruidnnr
700 5744 787 5801 Rern,
807 5743 927 5808 pauidum
949 5744 970 5791 Τ
1074 5743 1124 5793 560
1143 5745 1245 5792 resistet
1263 5745 1358 5804 scripsi,
1378 5748 1454 5792 restet
1475 5743 1503 5805 Τ,
1524 5746 1621 5794 resistit
1640 5743 1717 5797 naz.
