4508 6434
1176 413 1323 470 CORlPPl

825 601 974 687 frangere
996 624 1061 671 non
1083 604 1213 670 minimo
1235 604 1338 690 potuit
1361 603 1477 670 sudore
1500 603 1661 668 laborans.

824 706 964 772 discolor
985 707 1070 772 hunc
1092 714 1198 792 portat
1220 707 1356 772 maculis
1379 706 1521 772 variatus
1544 706 1578 770 in
1599 704 1683 772 albis
1732 771 1735 778 ⁴

823 815 915 893 parte
938 810 1030 893 niger
1052 810 1199 894 sonipes,
1225 810 1362 893 gemmis
1384 829 1525 892 auroque
1550 807 1724 892 superbus,

824 932 877 979 ore
900 913 1056 994 tremens,
1083 933 1276 998 camposque
1299 913 1380 980 levis
1402 912 1552 978 discurrit
1573 911 1606 976 in
1629 930 1752 977 omnes.

823 1014 947 1081 ferreus
968 1016 1039 1100 ipse
1063 1035 1139 1082 suas
1161 1036 1354 1101 componens
1377 1015 1489 1082 ordine
1512 1023 1634 1081 turmas

822 1118 909 1202 itque
932 1119 1079 1202 reditque
1101 1121 1232 1203 volans,
1259 1121 1362 1186 socios
1384 1127 1417 1186 et
1438 1119 1543 1185 firmat
1564 1125 1688 1184 euntes.

908 1223 1093 1289 rronimuth
1116 1223 1231 1290 erectis
1253 1223 1345 1289 iuxta
1367 1231 1472 1288 movet
1494 1223 1623 1306 agmina
1646 1220 1749 1302 signis

821 1325 975 1410 impiger,
1002 1333 1034 1391 et
1055 1326 1178 1411 campis
1200 1327 1328 1392 socians
1350 1326 1516 1409 coniungit
1537 1324 1669 1409 apertis.

820 1428 890 1513 ipse
913 1428 990 1495 licet
1011 1429 1137 1494 medius
1159 1428 1265 1496 cristis
1288 1437 1320 1494 et
1342 1427 1469 1494 casside
1491 1427 1621 1511 fulgens
1680 1457 1681 1460 ¹

821 1531 974 1612 emineat,
1002 1531 1140 1616 ferrique
1162 1552 1244 1598 novo
1267 1532 1437 1616 splendore
1461 1550 1632 1596 coruscans

820 1635 914 1700 altior
935 1634 1065 1701 adversi
1087 1635 1194 1701 radios
1217 1643 1249 1702 et
1271 1635 1393 1700 lumina
1414 1634 1536 1701 Phoebi

820 1738 999 1824 suscipiens
1022 1740 1165 1822 frangat,
1192 1738 1312 1805 densae
1334 1746 1443 1805 tamen
1466 1738 1607 1822 undique
1631 1745 1776 1822 saeptum

820 1842 983 1907 circueunt
1004 1842 1091 1907 acies
1114 1842 1227 1926 clipeis
1249 1842 1417 1926 galeisque
1440 1842 1605 1907 micantes.

904 1945 1068 2030 proximus
1090 1943 1166 2010 inde
1189 1945 1277 2011 ciens
1299 1965 1447 2011 numeros
1470 1944 1663 2010 Marcentins
1686 1950 1818 2027 urguet,

818 2047 970 2132 iussaque
992 2068 1050 2132 per
1072 2049 1156 2115 latos
1178 2047 1361 2115 discurrunt
1382 2048 1514 2132 agmina
1536 2066 1677 2133 campos.

817 2152 906 2218 illius
928 2160 961 2219 et
983 2152 1088 2217 fulvos
1111 2153 1212 2218 cassis
1234 2153 1349 2238 premit
1370 2172 1470 2218 aurea
1491 2152 1596 2217 crines

692 2279 721 2318 :a
817 2275 893 2320 aere
915 2254 1023 2338 rigens
1046 2255 1212 2338 cristisque
1235 2257 1361 2339 gravis,
1388 2256 1565 2337 thoraxque
1587 2254 1769 2322 tremendos

818 2359 1019 2443 suspendens
1042 2359 1190 2425 humeros
1214 2359 1356 2442 squamis
1379 2357 1578 2443 fulgentibus
1601 2357 1718 2440 ambit,

818 2461 894 2527 dnm
917 2462 1047 2547 sonipes
1069 2463 1224 2547 gradibus
1247 2462 1408 2547 componit
1430 2482 1522 2528 crura
1545 2461 1704 2546 superbis.

816 2566 934 2631 lumbis
955 2567 1022 2632 tela
1043 2567 1127 2648 gerit
1148 2567 1394 2652 pharetramque
1417 2585 1589 2650 arcumque
1612 2572 1776 2630 sonantem

817 2670 955 2751 cinctus,
983 2677 1015 2736 et
1036 2677 1163 2736 aeratas
1185 2670 1328 2736 referens
1350 2670 1384 2736 in
1406 2670 1494 2735 bella
1516 2669 1651 2753 sagittas

817 2773 973 2857 signaque
995 2773 1142 2840 terrificis
1164 2774 1266 2840 munit
1288 2774 1411 2839 vallata
1432 2773 1579 2840 tribunis.

816 2875 889 2942 hinc
912 2876 1082 2943 Liberatus
1105 2884 1175 2943 erat
1196 2878 1293 2960 longa
1316 2877 1528 2960 praestantior
1550 2877 1660 2957 hasta,

815 2979 891 3045 hinc
912 2980 1022 3046 Vlitan
1044 2980 1193 3065 pulcher,
1220 2981 1319 3047 variis
1341 2981 1488 3066 depictus
1509 2979 1543 3046 in
1565 2978 1681 3060 armis,

816 3083 868 3147 hic
890 3083 1003 3150 melior
1024 3084 1107 3169 pilo,
1134 3105 1231 3150 curvo
1253 3105 1313 3150 neo
1335 3085 1464 3169 segnior
1484 3103 1572 3149 arcu.

901 3185 1029 3252 flectere
1052 3187 1254 3273 cornipedem
1277 3187 1414 3273 placidis
1437 3189 1518 3254 bene
1542 3186 1655 3253 doctus
1677 3185 1813 3252 habenis

815 3289 883 3356 ibat
903 3289 1069 3373 lhsdaias,
1096 3290 1202 3374 gentis
1224 3290 1406 3376 praefectus
1429 3296 1461 3356 et
1482 3297 1609 3372 auctor,

813 3413 908 3477 quem
931 3393 1000 3459 fera
1021 3413 1102 3478 gens
1125 3394 1285 3478 sequitur,
1312 3401 1386 3460 nato
1409 3395 1579 3460 eomitante
1603 3393 1754 3478 Bitipten.

814 3516 895 3578 gens
917 3515 1087 3564 numerosa
1109 3497 1202 3579 viris,
1229 3503 1261 3563 et
1283 3498 1389 3581 gentis
1411 3496 1522 3563 vivida
1543 3498 1662 3576 virtus,

701 3607 705 3612 '
813 3599 1005 3683 ingenioque
1028 3601 1140 3666 valens
1163 3601 1268 3666 luerat
1290 3599 1356 3665 dux
1377 3601 1447 3685 ipsc
1469 3600 1594 3682 tidelis,

813 3703 946 3768 militiae
969 3703 1167 3787 ducibusque
1189 3703 1322 3787 placens
1344 3723 1524 3788 magnoque
1548 3703 1710 3786 magistro.

814 3813 910 3872 natus
933 3814 965 3872 et
987 3806 1125 3872 eximius
1147 3807 1282 3892 sumptis
1304 3807 1538 3892 praesumptior
1559 3807 1675 3888 armis,

813 3931 873 3976 nec
896 3910 1041 3993 genitore
1062 3909 1181 3992 minor,
1207 3910 1324 3976 iaculis
1346 3910 1401 3994 qui
1423 3910 1551 3976 uincere
1574 3917 1683 3995 posset

812 4015 981 4080 Persarum
1004 4022 1131 4080 teneras
1153 4033 1250 4080 nervo
1272 4015 1414 4099 pellente
1436 4014 1584 4097 sagittas.

898 4117 1086 4184 commissas
1107 4116 1195 4182 acies
1218 4116 1284 4182 dux
1306 4117 1437 4183 Tarasis
1459 4125 1534 4182 ante
1556 4116 1739 4203 pedestres,

811 4220 913 4286 ardua
935 4221 1029 4304 signa
1050 4239 1199 4301 movens,
1226 4220 1324 4285 variis
1346 4221 1506 4304 componit
1526 4220 1560 4285 in
1582 4220 1691 4286 armis.

702 4348 714 4387 a
810 4325 881 4410 ipse
904 4345 962 4410 per
984 4322 1131 4407 obliquas
1153 4321 1323 4408 distinguit
1344 4324 1467 4408 proelia
1488 4332 1610 4391 turmas

811 4436 921 4493 vectus
944 4447 1042 4512 equo,
1069 4427 1253 4510 clipeosque
1277 4427 1344 4493 suis
1367 4427 1559 4510 coniungere
1582 4427 1693 4494 dictat.

809 4531 950 4597 tenditur
971 4531 1004 4596 in
1027 4531 1174 4614 longum,
1200 4531 1293 4596 nexis
1316 4531 1507 4596 umbonibus
1529 4531 1678 4610 horrens,

809 4634 925 4700 Martia
946 4653 1004 4719 per
1026 4634 1108 4699 latos
1130 4634 1218 4699 acies
1241 4633 1436 4700 densissima
1458 4653 1598 4720 campos.

809 4757 968 4802 muromm
990 4737 1024 4802 in
1046 4755 1166 4802 morem
1189 4739 1333 4804 celantur
1355 4758 1487 4824 corpora
1510 4736 1621 4804 densis

809 4841 1013 4924 tegminibus.
1062 4840 1151 4905 solae
1173 4848 1330 4926 apparent
1350 4847 1423 4925 post
1445 4847 1537 4906 scuta
1558 4841 1714 4925 bipennes

809 4952 842 5010 et
864 4964 1008 5010 summae
1030 4944 1145 5027 galeae
1168 4943 1272 5010 cristis
1295 4945 1447 5028 conisque
1474 4945 1640 5010 micantes.

809 5056 843 5115 at
865 5068 961 5133 super
983 5047 1097 5114 erectis
1119 5047 1274 5114 horrescit
1296 5048 1420 5114 ferreus
1442 5047 1545 5113 hastis

809 5171 958 5235 campus,
985 5151 1231 5235 resplendetque
1253 5152 1345 5218 novis
1367 5151 1540 5218 terroribus
1562 5159 1629 5217 aer.

487 5396 537 5446 524
555 5400 625 5460 itque
637 5399 751 5460 reditque
766 5396 855 5453 Muza,
875 5395 951 5456 ldque
964 5394 1064 5442 redltT
1166 5394 1215 5444 525
1234 5395 1375 5444 humlnloth
1396 5396 1433 5458 (tn
1444 5397 1556 5455 moratae
1573 5395 1713 5457 homlnleh)
1733 5397 1819 5445 ersttls
1838 5399 1904 5446 iuste
1921 5406 2011 5447 mouet
2028 5399 2050 5448 Τ

417 5483 466 5532 530
485 5485 702 5544 cenomanum„
723 5485 755 5533 de
773 5497 799 5531 ee
816 5483 836 5529 Τ
939 5480 984 5530 531
1007 5481 1170 5529 circoennt'l'
1274 5481 1323 5529 535
1342 5495 1399 5529 aere
1418 5483 1501 5542 rigens
1513 5481 1600 5543 satu,
1621 5483 1720 5542 erigens
1735 5481 1764 5542 Τ,
1785 5496 1841 5532 nere
1859 5485 1949 5544 lugens
1963 5484 2047 5536 Mose.

418 5567 468 5617 536
485 5571 693 5633 enbspendenel'
792 5567 842 5617 538
860 5567 1061 5629 pharetraquel'
1158 5567 1207 5617 539
1225 5573 1320 5618 aereus
1335 5567 1477 5630 Meconem,
1492 5570 1625 5618 euntes?
1722 5567 1773 5618 542
1791 5571 1873 5618 nllten
1887 5571 1922 5632 (ln
1933 5577 2049 5632 marytre

415 5656 567 5717 udlltunjl'
659 5657 708 5706 ort
728 5655 843 5705 insolatae
858 5655 893 5714 tlrr
904 5653 1182 5716 murqlneltseuiaslT
1267 5654 1316 5704 546
1334 5656 1442 5718 hltlpten
1458 5656 1494 5716 (to
1505 5656 1814 5718 marqr'nebltlmptonJT
1901 5655 1951 5706 tor
1971 5664 2046 5708 tene·

414 5754 454 5788 rus
475 5741 500 5801 Τ,
521 5742 612 5789 celerer
631 5742 711 5792 Maur.
819 5739 978 5790 contareno
998 5741 1034 5802 (ln
1050 5743 1163 5800 marolus
1181 5741 1328 5801 taraxtelT
1431 5740 1641 5790 coronemur
1745 5741 1795 5790 553
1813 5743 1959 5804 resplendet
1977 5745 2048 5793 erT
