4546 6420
1220 393 1368 448 CORlPPl

869 581 933 648 iarn
956 584 1079 649 nullum
1103 583 1274 650 discrimen
1296 591 1375 649 erat.
1423 605 1485 650 non
1508 584 1637 650 vatibus
1660 583 1735 650 ullis
1815 667 1817 670 Ι

869 706 1011 769 parcere.
1059 707 1118 752 nec
1142 687 1272 753 senibus
1294 687 1397 772 potuit
1418 687 1593 754 concedere
1616 687 1713 753 fessis

868 788 1013 873 quisquis
1035 809 1115 855 onus
1136 788 1232 856 busti.
1280 789 1380 856 iacuit
1401 796 1476 856 tune
1498 810 1591 856 omne
1614 789 1754 856 cadaver

759 913 772 950 s
869 892 1048 958 confossum
1071 892 1202 977 gladiis.
1249 893 1333 959 natis
1355 893 1405 959 ias
1427 914 1490 959 nou
1513 892 1575 958 fuit
1596 893 1672 958 ullis

868 1015 1000 1080 corpora
1024 1015 1120 1062 caesa
1141 1003 1267 1081 patrum
1290 1004 1463 1081 congestae
1487 997 1624 1064 subdere
1647 1004 1769 1080 terrae,

867 1100 1000 1164 vulnera
1023 1119 1083 1164 nec
1104 1098 1247 1165 lacrimis
1270 1100 1462 1185 permissum
1484 1098 1653 1166 infundere
1676 1101 1780 1167 iustis.

866 1200 943 1266 dum
965 1209 1057 1287 pater
1078 1201 1283 1287 opprimitur,
1309 1202 1377 1269 nati
1399 1202 1577 1287 coniuxque
1600 1203 1786 1288 trabuntur,

865 1303 1057 1389 diripiuntur
1078 1325 1168 1390 opes.
1215 1306 1316 1371 virtus
1338 1306 1455 1390 premit
1475 1306 1620 1391 improba
1643 1306 1770 1390 Martis,

867 1415 899 1473 et
921 1407 975 1493 pia
998 1407 1145 1474 desertae
1168 1408 1353 1491 linquuntur
1374 1410 1488 1476 funera
1509 1415 1626 1475 terrae.

866 1510 983 1576 nobilis
1005 1519 1037 1578 et
1058 1531 1181 1598 pauper
1202 1531 1279 1578 casu
1301 1511 1467 1598 rapiuntur
1488 1512 1522 1577 in
1545 1532 1617 1578 uno.

866 1615 970 1680 luctus
993 1614 1110 1699 ubique
1133 1620 1242 1696 sonat,
1268 1623 1369 1681 terror
1390 1615 1552 1700 tristisque
1574 1635 1631 1701 per
1652 1635 1763 1681 omnes

865 1717 889 1783 it
911 1725 1031 1799 metus,
1058 1725 1090 1784 et
1111 1717 1201 1784 duris
1222 1719 1390 1784 turbantur
1412 1726 1525 1784 cuncta
1546 1718 1686 1804 periclis.

863 1822 936 1904 quis
958 1821 1124 1905 lacrimas,
1150 1820 1278 1904 clades,
1304 1823 1459 1907 praedas,
1486 1821 1653 1903 incendia,
1679 1827 1816 1908 mortes,

756 1945 764 1966 r
863 1924 1015 2007 insidias,
1042 1925 1198 2009 gemitus,
1224 1933 1431 2008 tormentum,
1458 1925 1604 2007 vincula,
1630 1933 1741 2010 raptus

864 2029 1021 2113 explicet,
1047 2036 1104 2095 aut
1125 2029 1258 2095 miseros
1281 2029 1382 2114 possit
1403 2049 1571 2095 numerare
1594 2028 1743 2095 doloresi

862 2131 957 2196 tertia
979 2151 1054 2216 pars
1076 2132 1187 2196 mundi
1209 2131 1337 2198 sumans
1359 2131 1442 2217 perit
1464 2131 1574 2197 Africa
1596 2131 1745 2197 flammis.

950 2234 1079 2317 iamque
1101 2235 1174 2320 pius
1196 2234 1345 2320 princeps
1368 2235 1518 2300 volvebat
1539 2243 1666 2320 pectore
1689 2253 1783 2301 curas

775 2383 777 2390 ι
863 2357 1021 2422 pensans,
1048 2346 1081 2404 et
1102 2345 1229 2403 nostras
1251 2338 1410 2404 meditans
1433 2358 1529 2422 quem
1551 2338 1650 2404 vellet
1671 2338 1705 2403 in
1727 2355 1800 2406 oras

863 2440 1026 2506 ductorem
1049 2441 1202 2507 mandare
1225 2441 1341 2507 ducum
1365 2460 1585 2524 summumque
1607 2441 1796 2524 magistrum

863 2543 1014 2624 militiae,
1041 2551 1162 2611 tantam
1186 2544 1318 2629 cupiens
1340 2544 1453 2611 fulcire
1475 2543 1610 2610 ruinam.

863 2655 977 2714 cuncta
998 2649 1174 2715 revolventi
1197 2649 1286 2715 solus
1308 2647 1424 2714 virtute
1447 2647 1608 2713 Iohannes

863 2750 1059 2834 consilioque
1080 2751 1213 2836 placens
1236 2750 1326 2817 fortis
1348 2751 1541 2836 sapiensque
1563 2751 1702 2816 videtur.

862 2854 1013 2937 gentibus
1034 2854 1105 2938 ipse
1128 2855 1206 2921 feris
1228 2873 1414 2920 concurrere
1436 2873 1532 2939 posse
1554 2861 1684 2938 putatur

862 2959 950 3022 solus
965 2965 1005 3024 ,et
1025 2957 1161 3024 infestas
1183 2977 1257 3024 acer·
1279 2963 1478 3042 prosternere
1500 2964 1633 3022 tunnas.

862 3061 980 3145 quippe
1003 3061 1063 3126 viri
1085 3062 1185 3128 decus
1206 3069 1240 3127 et
1260 3061 1416 3147 praeclari
1439 3061 1532 3144 signo
1554 3060 1673 3126 laboris

861 3164 1009 3246 victaque
1031 3164 1119 3231 bella
1140 3166 1269 3249 placent
1291 3164 1382 3247 regni
1405 3163 1554 3247 graviora
1576 3163 1723 3246 superbi,

862 3267 986 3350 expulit
1008 3275 1043 3332 ut
1065 3268 1196 3349 Persas,
1224 3267 1336 3334 stravit
1357 3287 1420 3349 quo
1443 3267 1574 3332 vulnere
1598 3266 1733 3331 Parthos

861 3369 996 3435 confisos
1017 3370 1120 3437 turbis
1142 3370 1314 3454 densisque
1336 3370 1463 3435 obstare
1486 3368 1631 3453 sagittis,
1839 3391 1844 3430 r

860 3480 1001 3562 tempore
1024 3495 1087 3556 quo
1110 3473 1168 3539 lati
1190 3479 1361 3538 manarunt
1381 3471 1518 3538 Nitzibis
1540 3473 1609 3554 agri

863 3576 1020 3660 sanguine
1042 3577 1229 3656 Persarum,
1255 3577 1479 3659 Parthoquea
1502 3595 1578 3659 rege
1601 3574 1761 3642 secundus

862 3699 1053 3762 congressus
1076 3680 1245 3762 Nabedes,
1271 3680 1372 3745 fretus
1395 3678 1511 3744 virtute
1534 3679 1649 3760 feroci,
1675 3735 1681 3746 .

861 3783 969 3848 amisit
992 3783 1094 3848 socias
1113 3783 1187 3867 ipso
1209 3789 1381 3868 superante
1404 3789 1566 3862 catervas,

861 3886 1083 3970 effugiensque
1107 3893 1295 3952 suassaius
1318 3884 1487 3951 formidine
1509 3892 1621 3970 portas⁸

860 3989 1011 4056 claudere
1034 3990 1087 4055 vix
1111 3989 1228 4073 potuit,
1256 3988 1458 4072 mediamque
1480 3989 1515 4053 in
1537 3989 1675 4054 Nitzibis
1697 4009 1803 4057 arcem

860 4094 1019 4158 Romanos
1041 4092 1145 4178 erupit
1166 4113 1281 4177 eques,
1309 4093 1470 4176 victorque
1492 4091 1652 4158 Iohannes

859 4197 1028 4262 Persarum
1051 4197 1196 4262 excelsas
1218 4195 1378 4262 concussit
1400 4194 1532 4280 cuspide
1554 4202 1673 4279 portas.

858 4298 1012 4385 principis
1034 4308 1108 4366 aute
1131 4300 1240 4364 oculos
1262 4299 1444 4364 discurrunt
1465 4304 1578 4363 cuncta
1600 4297 1706 4364 tidelis

859 4403 953 4469 fortia
974 4403 1060 4468 iacta
1081 4402 1152 4467 viri.
1200 4409 1315 4488 pensat
1337 4408 1508 4482 versatque
1531 4401 1674 4484 labores,

857 4506 1131 4591 Theodosiopolin
1153 4514 1189 4572 ut
1210 4506 1330 4571 densus
1353 4504 1532 4570 vallaverat
1554 4503 1653 4570 lrosiis

857 4610 1023 4676 obsidione
1045 4609 1154 4692 gravi;
1178 4609 1281 4675 noctis
1304 4609 1389 4674 celer
1409 4607 1467 4674 ille
1488 4627 1547 4692 per
1569 4607 1698 4674 umbras

857 4720 893 4780 ut
913 4712 1047 4779 veniens
1069 4712 1187 4778 dubiae
1211 4711 1366 4777 succurrit
1387 4710 1555 4776 moenibus
1578 4708 1683 4792 urbis,
1715 4765 1717 4772 .

857 4819 966 4884 hostes
987 4837 1044 4900 per
1066 4815 1189 4881 medios
1211 4822 1320 4900 portas
1341 4815 1507 4898 ingressus
1529 4814 1668 4894 amicas;

855 4922 984 4988 territus
1007 4927 1105 5004 utque
1127 4919 1244 5004 pedem
1266 4918 1366 4984 muris
1389 4918 1548 5000 subtraxit
1569 4919 1610 4984 ab
1633 4917 1699 4984 illis

730 5047 760 5086 rs
854 5025 971 5108 ingens
993 5023 1202 5100 Mermeroiis,
1230 5021 1405 5103 densisque
1429 5029 1464 5086 ut
1486 5021 1612 5086 saevior
1634 5021 1731 5087 armis

539 5288 887 5351 adnumerationem
988 5286 1021 5333 36
1040 5298 1141 5344 surgere
1159 5284 1179 5330 Τ
1281 5283 1312 5331 37
1332 5284 1466 5331 infundere
1480 5281 1592 5342 Lucium„
1612 5283 1753 5332 lundensi
1854 5283 1886 5332 4³
1905 5287 2064 5336 ermerusT

469 5379 587 5442 periculis
608 5377 629 5424 Τ
765 5373 799 5424 is
817 5374 941 5424 meditans
960 5370 1079 5432 Lucbm.,
1105 5371 1233 5419 moderans
1256 5369 1276 5416 Τ
1414 5369 1445 5417 55
1465 5370 1569 5417 infestus
1587 5369 1673 5431 Beleia,
1700 5371 1807 5418 inlaesas
1828 5369 1856 5431 Τ,
1882 5371 2095 5424 insensualitas.

469 5465 502 5514 60
519 5463 670 5513 mandarunt
686 5462 787 5512 nuzibis
805 5461 853 5510 scri
874 5460 895 5508 Τ
1015 5456 1044 5506 61
1067 5456 1188 5506 secundos
1206 5454 1286 5504 Muza.
1409 5454 1442 5504 62
1461 5455 1574 5504 Nsbedes
1591 5456 1676 5516 Beleia,
1697 5469 1744 5504 nac
1761 5456 1837 5520 babet
1856 5455 1878 5504 Τ
2000 5457 2032 5507 63
2053 5461 2098 5509 sd.

469 5549 578 5599 misiti'
693 5548 726 5598 66
744 5547 904 5610 mediamque
922 5544 1034 5604 Lacum,
1054 5543 1186 5606 medieque
1207 5541 1236 5604 Τ,
1257 5543 1388 5605 medisque
1407 5541 1486 5591 Mors.
1592 5555 1673 5590 arcem
1692 5541 1806 5602 Lacum„
1827 5555 1869 5592 are
1889 5541 1918 5604 Τ,
1939 5557 1995 5608 arce
2015 5544 2094 5594 liora.

468 5635 501 5686 66
518 5635 641 5685 Romanos
659 5636 743 5698 erupit
762 5633 876 5693 sacrm,
896 5643 1010 5680 romanus
1029 5628 1123 5692 dirupit
1141 5633 1167 5678 in
1184 5631 1263 5691 irupit
1282 5633 1294 5676 1
1310 5645 1343 5680 m.
1363 5633 1487 5678 mutulam
1504 5628 1530 5688 Τ,
1551 5630 1643 5691 irrupit
1661 5628 1786 5680 Romanus
1805 5627 1884 5680 liuza.
1993 5629 2025 5678 iu
2044 5637 2097 5680 teo-

467 5722 534 5770 dosio
553 5723 637 5784 ypolirr
657 5719 678 5768 Τ
783 5719 914 5768 uallrnerit
934 5715 1012 5765 auara.
