4546 6420
318 407 322 418 ,
433 385 466 450 x
1129 380 1358 437 rsoonsnvn.

435 607 664 692 designaverit,
691 607 896 673 vehementer
911 607 1033 674 dubito.
1066 607 1093 671 Ε
1117 606 1301 690 regionibns
1324 605 1408 671 enim
1430 612 1496 671 tam
1519 605 1712 688 longinquis,
1739 625 1820 689 quas
1834 607 2060 691 Byzantiorum

436 727 595 794 exercitus
617 728 735 792 multos
765 747 822 811 per
850 745 951 792 annos
973 747 1014 792 ns
1037 727 1209 810 attigerant
1238 725 1385 808 quidem,
1419 726 1548 790 Mauros
1578 725 1610 790 in
1639 725 1835 811 provinciam
1858 728 2061 812 Byzacenam

434 847 698 933 praedationibus
724 846 882 913 diuturnis
909 846 1098 913 exhaustam
1121 847 1297 913 accurrisse
1321 846 1375 910 vix
1399 846 1601 912 crediderim.
1647 847 1749 912 Erunt
1778 846 1903 930 forsan,
1936 850 1990 932 qui
2020 847 2061 915 de

437 967 638 1034 Mauretania
659 967 711 1033 hic
733 966 820 1050 loqui
844 966 1016 1052 Corippum
1040 987 1057 1033 e
1080 967 1227 1032 versibus
1248 967 1493 1048 insequentibus
1515 966 1734 1033 demonstrare
1757 987 1851 1052 posse
1880 969 1942 1034 sibi
1971 969 2064 1036 vide-

435 1095 540 1171 antur,
566 1088 682 1172 quibus
704 1087 858 1152 montium
880 1087 1078 1169 quorundam
1102 1088 1250 1168 altorum,
1277 1086 1450 1170 Agalumni

733 1225 890 1291 ‘nubibus
911 1224 946 1289 in
968 1222 1085 1289 mediis
1108 1225 1227 1289 celsum
1251 1224 1306 1306 qui
1329 1223 1412 1290 ferre
1435 1244 1587 1290 cacumen
1610 1226 1775 1306 oemitur’,

436 1373 469 1431 et
484 1363 623 1430 Maoubii
649 1363 749 1428 ‘caeli
772 1363 880 1428 sidera
903 1361 1126 1427 sustentantis'
1150 1367 1245 1445 poe'ta
1266 1361 1458 1427 mentionem
1482 1361 1568 1427 facit.
1604 1361 1690 1427 Satis
1712 1363 1842 1445 quidem
1858 1373 1981 1431 constat
1995 1373 2063 1431 tota

437 1486 566 1569 regione
596 1483 776 1567 Zeugitana
803 1489 942 1548 montem
972 1481 1234 1546 nullum-metris
1267 1485 1348 1546 1400
1377 1481 1520 1547 altiorem
1550 1482 1705 1564 inveniri,
1739 1483 1912 1550 Numidiae
1938 1494 2063 1552 montes

438 1626 539 1690 usque
561 1605 603 1670 ad
625 1612 796 1670 metromm
812 1607 907 1686 2500,
934 1602 1153 1668 Mauretaniae
1168 1602 1360 1685 Tingitanae
1384 1621 1484 1685 usque
1507 1601 1549 1666 ad
1566 1606 1650 1667 3500
1666 1611 1835 1670 metrorum
1859 1605 2063 1672 altitudinem

439 1726 590 1792 eminere.
639 1723 704 1790 Sed
726 1724 844 1806 verbis,
870 1724 987 1806 quibus
1010 1728 1104 1807 poeta
1126 1723 1234 1805 utitur,
1260 1722 1413 1787 montium
1435 1721 1581 1804 illomm,
1614 1744 1694 1806 quos
1717 1725 1903 1810 scriptorum
1927 1727 2062 1792 aliomm

439 1867 531 1912 nemo
546 1844 732 1926 nominavit,
759 1843 894 1909 altitudo
916 1864 979 1909 non
1001 1850 1067 1908 tam
1090 1851 1238 1908 accurate
1254 1842 1412 1924 delinitur,
1439 1848 1474 1906 ut
1489 1843 1688 1926 Zeugitanae
1703 1845 1916 1912 Numidiaeve
1940 1859 2064 1913 montes

438 1973 565 2052 poetam
594 1965 766 2030 denotasse
795 1984 916 2047 negare
945 1963 1050 2028 liceat.
1099 1963 1146 2028 Ac
1175 1963 1254 2027 milri
1283 1962 1413 2045 quidem
1442 1983 1700 2047 —quamquam
1730 1965 1812 2031 hanc
1841 1968 2062 2048 quaestionem

437 2084 640 2172 profligatam
664 2085 918 2166 exhaustamque
939 2104 1002 2148 non
1026 2103 1140 2148 censeo
1163 2089 1292 2148 -tres
1315 2103 1432 2148 causae
1463 2081 1550 2149 haud
1580 2084 1798 2169 spernendae,
1831 2088 1997 2170 quominus
2020 2087 2064 2153 ad

437 2207 670 2274 Mauretaniam
685 2204 815 2290 (lorippi
829 2204 888 2269 hos
902 2223 1014 2270 versus
1029 2203 1176 2284 referam,
1202 2205 1329 2269 obstare
1345 2202 1503 2268 videntur.
1536 2205 1674 2269 Primum
1691 2206 1912 2272 Mauretaniae
1927 2210 2064 2293 populos

437 2328 543 2408 bellis,
568 2347 652 2411 quae
674 2327 778 2391 Mauri
800 2325 963 2411 Byzaceni
985 2331 1017 2391 et
1039 2323 1154 2409 Syrtici
1179 2344 1250 2389 cnm
1266 2323 1431 2408 Byzantiis
1453 2330 1528 2389 tunc
1549 2333 1727 2407 gesserunt,
1755 2347 1827 2392 sese
1850 2323 2085 2396 immiscuisse

438 2469 497 2513 neo
520 2447 692 2532 Procopius
714 2447 839 2511 aliusve
862 2446 948 2511 ullus
972 2445 1106 2530 scriptor
1128 2443 1299 2509 memoriae
1322 2444 1478 2528 prodidit,
1511 2465 1571 2510 nec
1601 2446 1696 2511 rebus
1722 2447 1869 2513 omnibus
1895 2451 2064 2533 perpensis

439 2589 497 2654 per
519 2587 554 2634 se
578 2567 773 2633 verisimile
797 2566 934 2631 videtur.
982 2564 1107 2630 Deinde
1129 2565 1244 2629 mirum
1267 2583 1345 2628 sane
1369 2572 1455 2630 esset
1477 2565 1661 2651 Oorippum,
1690 2567 1744 2648 qui
1768 2575 1880 2650 gentes
1903 2569 2064 2635 Mauricas

437 2708 608 2755 recensens
631 2707 694 2752 non
716 2687 828 2767 semel,
854 2707 950 2768 quam
973 2685 1068 2768 longe
1083 2685 1212 2750 remotis
1232 2705 1250 2750 e
1272 2685 1456 2768 regionibus
1472 2687 1684 2751 Romanorum
1707 2687 1815 2753 hostes
1837 2691 2061 2775 accurrissent,

438 2808 604 2875 adnotavit
613 2811 665 2891 ²⁰),
683 2807 902 2872 Mauretaniae
917 2806 1111 2888 Tingitanae
1126 2806 1272 2891 populos,
1292 2805 1346 2887 qui
1363 2806 1502 2871 omnium
1519 2806 1707 2890 longissime
1725 2829 1745 2872 a
1760 2809 1899 2893 Byzacio
1913 2811 2060 2895 aberant,

436 2929 482 2994 ita
498 2947 704 3009 memorasse,
730 2933 765 2992 ut
779 2947 838 2993 nec
854 2924 992 3011 spatium
1007 2926 1122 3009 ingens
1138 2944 1193 2990 eos
1208 2926 1423 3009 permigrasse
1438 2926 1582 3008 adderet,
1607 2948 1667 2992 nec
1683 2928 1811 2994 Oceano
1827 2937 1920 2995 tenus
1934 2931 2064 2997 Mauros

438 3056 560 3116 tantum
584 3069 646 3113 non
670 3069 779 3114 omnes
802 3047 954 3113 Romanis
976 3023 1111 3111 infestos
1140 3044 1241 3111 fnisse
1272 3053 1472 3113 memoraret,
1522 3047 1642 3113 Oceani
1672 3055 1779 3113 antem
1802 3051 1971 3132 Atlantici,
2004 3052 2066 3118 At-

435 3170 534 3236 lantis
550 3169 678 3250 montis,
704 3168 924 3236 Mauretaniae
940 3167 1133 3250 Tingitanae
1157 3173 1275 3232 certam
1298 3187 1336 3231 ao
1358 3165 1562 3232 manifestam
1585 3169 1776 3233 mentionem
1800 3177 1867 3237 tota
1884 3170 2063 3238 Iohannidc

439 3288 558 3355 fmstra
581 3289 790 3374 quaesiveris.
837 3288 984 3371 Denique
1008 3287 1070 3352 loci
1092 3287 1206 3367 totius,
1232 3286 1265 3350 in
1288 3307 1349 3370 qno
1372 3287 1563 3372 explicando
1586 3309 1766 3371 versamur,
1793 3298 1938 3357 naturam
1960 3293 2065 3377 respi-

442 3410 530 3477 ciens
553 3411 626 3494 quis
648 3430 710 3475 non
733 3408 859 3489 viderit,
885 3428 980 3490 quam
1005 3413 1072 3472 arte
1096 3414 1220 3471 etcum
1243 3407 1441 3490 Zeugitanis,
1468 3409 1524 3490 qni
1547 3417 1643 3490 ante,
1659 3416 1692 3474 et
1713 3430 1783 3475 oum
1808 3411 1910 3496 Syrtis
1932 3412 2065 3478 minoris

441 3531 571 3612 accolis,
597 3530 650 3612 qui
674 3537 747 3614 post
768 3548 824 3594 eos
847 3535 1070 3608 memorantur,
1097 3527 1210 3612 populi
1232 3527 1298 3606 isti,
1324 3547 1457 3609 quorum
1481 3528 1521 3593 de
1544 3528 1674 3595 sedibus
1697 3531 1900 3615 ambigimus,
1927 3552 1947 3596 a
1968 3539 2066 3618 poeta

442 3651 697 3735 coniungantur?
741 3649 861 3713 Mauris
884 3648 985 3729 enim,
1016 3648 1071 3732 qui
1093 3646 1241 3712 Mercurii
1262 3648 1509 3731 promontorium
1532 3649 1746 3733 Gurubimque
1769 3652 1970 3733 incolebant,
1996 3673 2066 3718 me-

441 3771 572 3836 moratis
595 3792 634 3836 ne
657 3771 754 3835 verbo
776 3768 906 3851 quidem
936 3769 1002 3832 ullo
1032 3767 1095 3832 iam
1125 3765 1167 3831 ad
1196 3765 1294 3832 aliam
1319 3786 1446 3852 prorsus
1469 3775 1623 3834 terrarum
1647 3771 1860 3837 Mauricarnm
1883 3780 2004 3857 partem
2029 3793 2065 3840 se

439 3891 602 3957 transilire
626 3897 723 3976 poe'ta
744 3889 877 3954 indicat.
925 3887 1006 3952 Item
1029 3888 1188 3953 montibus
1218 3887 1284 3952 illis
1307 3889 1487 3971 Agalumno
1510 3897 1543 3954 et
1565 3890 1711 3956 Macubio
1733 3892 1871 3958 breviter
1894 3893 2065 3978 descriptis

442 4011 554 4077 eodem
576 4011 610 4075 in
632 4009 796 4075 enuntiato
820 4008 927 4074 statim
950 4007 992 4073 10
1007 4008 1152 4093 populos,
1178 4008 1232 4090 qui
1248 4008 1380 4091 Byzacii
1395 4009 1600 4093 Tripolisque
1614 4011 1648 4075 in
1665 4011 1800 4078 confinio
1815 4012 1919 4097 Syrtis
1934 4014 2065 4080 minoris

442 4132 485 4199 ad
508 4152 579 4198 oras
602 4130 696 4197 sedes
719 4129 890 4209 habebant,
917 4148 951 4194 se
975 4128 1138 4193 convertit.
1875 4105 1876 4110 ἵ

527 4288 555 4352 Ε
576 4284 705 4371 populis
727 4284 812 4350 enim
834 4289 991 4367 quattuor,
1017 4303 1149 4366 quorum
1172 4283 1302 4348 nomina
1324 4303 1451 4348 versum
1476 4288 1515 4347 75
1539 4287 1708 4370 complent,

873 4421 1033 4503 Astrices,
1059 4421 1278 4502 Anacutasur,
1305 4421 1474 4504 Celianus,
1501 4422 1638 4488 Imaelas

443 4563 576 4628 duorum
600 4560 694 4626 sedes
716 4565 768 4624 sat
789 4559 872 4624 benc
894 4559 1052 4624 novimus.
1092 4558 1237 4624 Nominis
1260 4559 1399 4624 lmaclas
1420 4559 1448 4625 si
1470 4561 1605 4644 primam
1628 4560 1767 4626 litteram
1790 4567 1812 4643 i,
1838 4583 1901 4645 qua
1923 4563 2068 4647 praelixa

443 4681 546 4749 Mauri
568 4681 726 4767 pluralem
749 4699 915 4745 numerum
938 4678 1179 4763 significant21),
1206 4678 1394 4764 dempseris,
1425 4679 1576 4745 facillime
1598 4681 1769 4765 intelleges
1792 4683 1899 4766 gentis
1921 4682 2067 4750 eiusdem

442 4803 495 4870 hio
522 4802 715 4868 mentionem
745 4800 861 4867 fecisse
891 4806 1037 4885 poetam,
1070 4820 1165 4883 quam
1194 4800 1265 4885 ipsc
1288 4799 1336 4863 III
1359 4805 1421 4863 110
1444 4800 1651 4883 Mecales22),
1684 4801 1863 4867 Herodotus
1885 4803 2062 4888 Machlyes,

441 4924 645 4990 Ptolemaeus
667 4922 838 5006 Machryes
861 4921 1098 5006 appellavit²³).
1145 4919 1312 5004 Machlyes
1335 4927 1441 4985 autem
1469 4920 1545 4985 inde
1575 4941 1595 4985 1
1617 4922 1812 5006 temporibus
1835 4923 2068 5005 antiquissimis

529 5250 573 5314 20)
594 5251 647 5300 loh.
669 5252 693 5298 ll
713 5250 755 5299 11.
776 5249 817 5299 st.

529 5337 571 5398 21)
593 5337 733 5386 Hauoteau.
755 5337 827 5384 Easai
847 5336 877 5384 de
895 5337 1042 5395 grammaire
1060 5335 1091 5382 de
1110 5336 1133 5382 la
1151 5335 1241 5395 langue
1259 5335 1408 5384 Tamacbel.
1429 5335 1498 5383 Paris
1520 5335 1585 5385 1860
1604 5351 1628 5398 p.
1653 5336 1691 5384 15.

528 5422 570 5484 22)
591 5421 726 5485 (lorippum
745 5423 857 5470 alusdem
875 5423 985 5470 nomlnls
1002 5422 1089 5469 formis
1107 5421 1206 5468 duabus
1227 5423 1352 5482 1111111111,
1374 5421 1487 5481 Μ101111)
1517 5436 1591 5470 usum
1611 5435 1667 5470 esse
1685 5437 1717 5471 ne
1736 5425 1792 5485 qula
1811 5425 1929 5484 miretur,
1955 5427 2003 5472 iam
2027 5425 2069 5474 hie

443 5523 576 5560 memorare
599 5509 675 5557 llosat
697 5509 814 5557 slmilltsr
835 5509 956 5577 populum
977 5507 1101 5566 Syrticam
1126 5507 1314 5555 celeberrimum
1334 5508 1405 5556 modo
1423 5509 1534 5569 llagnas,
1560 5509 1631 5557 modo
1650 5509 1794 5569 Laguantan
1814 5525 1828 5557 a
1845 5511 1916 5573 posta
1935 5511 2065 5572 appellari.

441 5595 479 5656 ef.
498 5611 524 5658 p.
545 5595 604 5644 llll.

529 5681 569 5743 23)
591 5681 682 5730 Herod.
704 5680 741 5728 lV
762 5679 818 5729 178.
857 5679 921 5729 Ptol.
943 5680 979 5726 IV
999 5679 1022 5740 3,
1045 5677 1086 5728 26.
