4546 6420
824 413 1053 470 lOllANNlDOS
1072 415 1142 470 LIB.
1166 415 1186 469 l.

585 604 810 687 horrisoncque
833 613 950 688 graves
973 606 1084 670 laxant
1107 606 1241 672 stridore
1264 606 1430 684 rudentes,

585 706 834 793 expanduntque
857 709 956 773 sinus.
1003 708 1141 794 placidis
1162 709 1227 774 iam
1250 709 1386 774 carbasa
1407 708 1518 774 flabris

477 831 489 868 ι
584 831 682 876 aurae
704 811 844 895 impulsa
865 819 1003 878 movent.
1051 811 1252 878 abscondunt
1272 813 1340 876 alta
1363 811 1507 893 carinae,

585 920 617 978 et
639 915 718 979 latet
738 920 912 996 angustum
934 923 1060 979 centum
1084 915 1144 979 sub
1166 915 1328 999 puppibus
1349 934 1480 997 aequor.

585 1036 738 1101 prospera
761 1017 894 1082 maturis
917 1018 1121 1083 crebrescunt
1142 1016 1273 1082 flamina
1295 1018 1404 1099 Coris,

585 1120 817 1204 impelluntque
840 1125 937 1185 rates.
981 1119 1103 1185 aeratis
1125 1140 1265 1203 aequora
1286 1121 1389 1205 proris

584 1223 793 1308 proscindunt
815 1225 952 1304 celeres,
980 1223 1144 1289 sulcantur
1166 1244 1323 1288 marmora
1344 1221 1471 1306 rostris,

586 1347 720 1411 spumea
742 1327 801 1392 sub
823 1326 929 1410 longis
951 1328 1174 1392 immurmurat
1195 1327 1281 1392 unda
1304 1326 1432 1392 carinis.

671 1430 786 1495 classis
808 1430 975 1496 Threicias
998 1436 1135 1513 angrrsto
1158 1430 1250 1496 litore
1273 1430 1399 1506 fauces,

586 1534 700 1598 Seston
722 1533 889 1617 Abydenis
911 1533 1031 1599 dirimit
1052 1555 1116 1616 qua
1137 1541 1252 1618 pontus
1275 1533 1317 1614 ab
1339 1533 1442 1615 arvis,

584 1637 762 1719 Sigeasque
784 1637 873 1701 volat
893 1637 997 1701 ventis
1021 1656 1132 1701 secura
1153 1657 1213 1720 per
1233 1636 1355 1717 undas,

585 1747 617 1804 et
639 1739 719 1822 legit
741 1739 891 1822 antiquae
915 1740 992 1805 litus
1015 1740 1214 1804 lacrimabile
1238 1740 1364 1804 Troiae.

458 1863 488 1903 ru
584 1843 696 1909 inclita
717 1850 793 1908 tuno
816 1842 958 1908 referunt
980 1841 1149 1926 Smyrnaei
1172 1843 1435 1917 terminaretis,

585 1947 828 2030 significantque
850 1947 939 2011 locos
961 1947 1030 2011 alta
1052 1946 1092 2011 de
1114 1965 1221 2031 puppe
1244 1947 1396 2029 priorum.

585 2049 665 2115 haec
688 2049 807 2114 Priami
828 2049 941 2130 sedes,
969 2050 1082 2114 domus
1105 2050 1185 2115 haec
1207 2050 1346 2129 Aeneia,
1373 2051 1469 2132 longe

584 2152 752 2218 arboribus
772 2172 856 2237 quae
879 2161 993 2238 saepta
1014 2153 1109 2220 iacet.
1157 2154 1209 2219 hic
1231 2171 1348 2219 saevus
1371 2153 1514 2219 Achilles

584 2265 725 2322 traxerat
747 2255 939 2322 Hectoreum
963 2276 1055 2321 curru
1079 2257 1223 2341 rapiente
1246 2255 1394 2321 cadaver.

585 2361 775 2425 llemoleum
797 2359 859 2424 hoc
881 2359 982 2425 victor
1003 2361 1176 2444 prostravit
1198 2360 1289 2426 litore
1312 2379 1464 2441 magnum

585 2465 714 2528 Aeneas
736 2482 893 2549 proavus,
920 2464 1027 2530 celsae
1050 2485 1111 2547 <quo
1134 2465 1261 2530 moenia
1283 2465 1404 2528 Romae

586 2587 700 2631 nomen
723 2574 755 2630 ct
776 2567 903 2651 imperii
926 2568 1127 2652 praeclarum
1150 2575 1279 2632 auctore
1301 2567 1457 2649 refulget,

586 2678 682 2752 atque
704 2675 792 2736 tenet
814 2671 914 2735 latum
938 2670 1131 2735 dominantis
1153 2670 1283 2736 foedere
1305 2669 1470 2734 mundum.

585 2781 764 2855 cunctaque
786 2780 880 2856 gesta
903 2779 1021 2838 canunt
1043 2774 1153 2856 Argivi
1177 2774 1300 2857 proclia
1323 2774 1418 2852 belli,

476 2899 488 2936 a
585 2876 723 2942 concidit
744 2878 903 2942 Hectorea
926 2877 1090 2941 Patroclus
1113 2876 1206 2942 fusus
1229 2885 1262 2941 ut
1286 2877 1397 2957 hasta,

585 2989 682 3063 utque
703 2980 797 3063 niger
818 2980 966 3045 Memnon
989 2979 1124 3045 Pelidae
1146 2981 1278 3045 vulnere
1301 2980 1421 3060 victus,

584 3083 673 3148 flevit
694 3090 730 3149 ut
751 3085 874 3148 Aurora
895 3083 1036 3165 ingentis
1057 3083 1112 3167 pia
1135 3082 1248 3147 funera
1270 3083 1355 3164 uati,

585 3186 702 3252 corruit
725 3193 759 3252 ut
782 3186 896 3251 mediis
918 3185 1069 3251 bellatrix
1092 3186 1183 3269 virgo
1206 3187 1344 3252 catervis

583 3289 788 3356 Penthesilea
810 3290 894 3372 suis,
920 3290 1048 3355 Rhesus
1070 3309 1133 3372 qua
1155 3297 1248 3355 nocte
1271 3295 1473 3373 peremptus,

584 3393 713 3458 Troilus
736 3401 832 3476 utque
854 3413 936 3477 puer
956 3392 1029 3458 forti
1053 3411 1243 3476 mugressus
1266 3391 1403 3474 Achilli,

585 3496 684 3562 victor
705 3495 877 3580 Apollinea
900 3494 1017 3562 cecidit
1038 3516 1102 3582 qua
1123 3495 1196 3578 lege
1220 3496 1357 3579 sagitta.

518 3679 519 3682 Ἴ
584 3619 646 3684 quo
669 3599 760 3664 Paris
782 3600 930 3665 occrrhuit
953 3597 1119 3664 confossus
1142 3600 1274 3664 vulnere
1297 3607 1415 3683 raptor.

584 3703 697 3769 ultima
719 3710 792 3788 post
812 3702 955 3769 refemnt
976 3702 1154 3769 exhaustae
1175 3700 1325 3768 incendia
1348 3703 1464 3769 Troiae

583 3808 779 3890 Aeneaeque
802 3806 931 3890 fugam,
957 3815 1032 3872 hunc
1055 3807 1176 3871 clarum
1199 3807 1328 3870 nominc
1350 3807 1413 3870 Iuli

475 3933 487 3970 a
584 3918 620 3976 ut
641 3930 774 3995 puerum
797 3918 984 3994 patremque
1007 3910 1127 3974 amissa
1150 3909 1287 3992 coniuge
1310 3929 1417 3974 secum

584 4014 721 4080 navibus
743 4013 867 4095 evexit,
894 4020 940 4079 tot
961 4034 1020 4097 per
1041 4011 1126 4077 vada
1149 4013 1279 4078 caerula
1301 4032 1442 4077 cuncus.

670 4116 774 4182 audiit
795 4116 947 4199 egregius
969 4123 1137 4180 narrantes
1159 4115 1283 4200 proelia
1305 4116 1427 4180 Petms.

583 4220 687 4287 audiit
708 4227 744 4285 ut
765 4220 857 4304 pueri
879 4220 1078 4304 praeclarum
1102 4239 1217 4284 nomen
1240 4219 1320 4294 luli,

583 4324 663 4388 arsit
685 4343 792 4388 amore
814 4342 896 4387 noro
919 4331 1032 4408 peetus
1053 4323 1177 4406 puerile
1200 4319 1347 4404 legendi,

583 4447 715 4491 noscere
738 4425 825 4491 bella
847 4426 969 4490 volens.
1016 4445 1135 4509 magna
1156 4425 1275 4508 pietate
1298 4433 1454 4491 moretur.

583 4549 618 4595 se
640 4537 735 4613 putat
756 4530 944 4610 Ascanium,
971 4533 1105 4592 matrem
1128 4535 1221 4611 putat
1243 4547 1314 4593 esse
1338 4530 1501 4596 Creusam.

583 4633 651 4698 lilia
673 4632 760 4714 regis
782 4639 860 4696 erat.
908 4639 1011 4697 mater
1032 4650 1157 4714 quoque
1179 4631 1247 4696 lilia
1269 4633 1367 4715 regis.

582 4743 658 4801 tunc
678 4741 772 4820 pater
792 4735 939 4817 Aeneas,
965 4741 997 4799 ct
1019 4753 1103 4799 nunc
1125 4741 1217 4817 pater
1238 4735 1309 4817 ipse
1332 4735 1503 4801 lohamres.

583 4840 663 4904 haec
686 4837 858 4903 meditatur
880 4857 992 4902 ovans.
1039 4844 1253 4921 pertemptant
1274 4837 1396 4920 gaudia
1418 4847 1568 4907 mentem.

438 4963 486 5004 roa
582 4943 663 5007 haee
686 4941 786 5026 patri,
813 4941 893 5006 haec
916 4940 1063 5020 famulis,
1091 4940 1170 5005 haec
1194 4941 1340 5004 omnibus
1363 4941 1433 5025 ipse
1456 4941 1581 5009 ferebat

267 5222 313 5272 163
332 5226 477 5285 orisonoque
497 5223 518 5270 P
642 5219 690 5270 165
709 5218 847 5270 mandunt
867 5220 887 5265 Τ
1011 5218 1059 5268 lbb'
1077 5225 1177 5267 tentum
1198 5219 1219 5264 Τ
1343 5219 1386 5268 171
1409 5221 1536 5270 Threicias
1555 5227 1647 5285 scripsi,
1672 5229 1768 5275 traicias
1790 5229 1818 5288 Τ,

193 5310 310 5358 traiciens
323 5310 415 5370 liuza,
429 5311 464 5370 cs.
479 5309 577 5358 Lacon.
592 5307 678 5356 Phara.
693 5305 792 5354 111954
896 5305 943 5354 172
963 5313 1052 5354 sextou
1068 5304 1089 5351 Τ
1187 5305 1315 5365 Abydenis
1328 5306 1414 5366 Beleia,
1428 5306 1531 5356 abldeus
1546 5309 1576 5369 P,
1590 5310 1727 5368 Abydenus
1741 5312 1818 5362 Maza.

196 5393 244 5443 tlt
261 5396 410 5458 prioreml'
526 5392 573 5441 178
592 5391 699 5442 settaP
814 5391 859 5441 181
880 5404 972 5454 proauo
990 5391 1092 5440 Luchm.
1212 5390 1259 5442 183
1279 5392 1399 5454 acquel'
1513 5393 1560 5442 184
1580 5391 1667 5455 Argiui
1686 5406 1712 5445 et
1729 5401 1822 5461 proelia

193 5481 251 5528 belll
270 5483 382 5539 breta,
403 5483 496 5541 Argiuo
512 5480 606 5543 proelia
624 5479 689 5526 bello
706 5477 822 5527 debitum
840 5478 915 5525 Beth.
1041 5476 1090 5526 185
1107 5479 1220 5526 hettorea
1237 5479 1379 5541 patroculus
1399 5479 1421 5525 Τ
1545 5479 1592 5528 189
1609 5484 1749 5542 pentesilea
1767 5489 1821 5534 suis

192 5581 330 5630 1231„un
349 5575 420 5615 „otte
439 5566 575 5629 perhentns
596 5565 617 5612 Τ
741 5561 789 5612 199
807 5563 959 5624 trololnsque
977 5563 1075 5626 busque
1097 5563 1117 5610 Τ
1240 5563 1288 5613 193
1307 5565 1443 5614 exhaustae
1461 5565 1547 5626 Beleia,
1573 5575 1679 5616 exausta
1699 5570 1727 5630 Τ,
1755 5585 1819 5618 exu-

193 5653 336 5702 staehlnaz.
436 5652 484 5702 194
503 5651 722 5709 claruanchm.,
743 5649 836 5698 cleriT
932 5647 978 5699 ter
999 5651 1123 5698 narrantis
1138 5651 1158 5696 Τ
1254 5649 1301 5699 198
1319 5650 1425 5699 auditT
1512 5659 1541 5699 ut
1556 5652 1585 5710 Τ,
1607 5659 1631 5700 et
1644 5657 1732 5704 maluit
1745 5657 1819 5706 Beklr.

195 5738 242 5787 199
260 5738 366 5799 legendo
385 5741 401 5786 9
418 5754 451 5787 m.
475 5737 496 5785 Τ
