4508 6434
1183 422 1332 478 UORlPPI

834 611 909 676 dum
934 619 1038 678 movet
1059 611 1093 676 in
1118 611 1242 692 dubiis,
1268 630 1351 694 quae
1375 612 1416 676 sit
1438 609 1564 675 fortuna
1587 610 1711 677 salutis.

834 715 975 779 maxima
996 714 1114 780 damna
1136 714 1243 781 ferens
1265 734 1370 779 rerum
1393 713 1526 779 victoria
1547 733 1611 778 non
1633 721 1693 778 est.

833 824 899 899 aut,
926 837 966 883 ca
988 817 1016 883 si
1038 824 1187 902 pereant,
1214 828 1271 903 pr'o
1294 817 1365 900 quis
1387 816 1430 882 ad
1452 815 1575 901 proelia
1596 816 1688 898 veni,

833 887 1056 1004 quid'dricrum
1078 920 1207 987 victoris
1231 919 1316 985 erit?
1359 939 1410 986 me
1432 939 1570 1003 namque
1592 917 1731 1002 fatigant

833 1024 940 1089 omnia
961 1023 1058 1088 mista
1079 1023 1186 1089 malis.
1233 1023 1309 1088 hinc
1331 1022 1482 1087 damnrm
1504 1021 1594 1088 triste
1617 1021 1795 1105 minantur,
1898 1109 1899 1112 Ἴ

833 1126 908 1191 hinc
930 1125 1060 1192 laudem
1082 1126 1211 1193 differre
1233 1127 1360 1192 volunt:
1387 1132 1559 1210 partesque
1580 1123 1760 1210 triumphos

833 1228 874 1294 dc
897 1229 1013 1295 nostris
1037 1229 1185 1295 manibus
1207 1230 1307 1294 missa
1329 1229 1448 1314 pietate
1470 1228 1631 1294 retollunt.

834 1332 952 1416 captivi
974 1339 1110 1417 pereunt
1132 1331 1218 1398 misti
1241 1352 1312 1398 oum
1334 1331 1484 1415 gentibus
1505 1329 1593 1413 Afri,

834 1435 862 1500 si
883 1454 1028 1519 pugnare
1051 1435 1167 1520 placet.
1216 1454 1299 1518 quae
1321 1433 1420 1499 nostri
1442 1433 1546 1517 gloria
1568 1433 1663 1516 facti,

833 1537 861 1602 si
882 1538 1016 1604 miseros
1039 1539 1175 1604 damus?
1218 1538 1328 1604 nullus
1349 1537 1414 1603 iam
1436 1537 1575 1603 vincitur
1596 1536 1707 1602 hostis.

833 1641 981 1723 consola,
1007 1640 1086 1724 quid
1107 1647 1236 1707 moveat
1257 1641 1329 1706 duri
1349 1640 1383 1706 in
1406 1639 1590 1705 discrimine
1610 1640 1708 1721 belli,

831 1750 929 1825 atque
950 1743 1093 1827 gerenda
1114 1744 1225 1810 reser'.
1271 1743 1399 1828 placide
1423 1743 1502 1808 haec
1525 1743 1713 1808 Reoinarius
1736 1742 1829 1809 heros

832 1846 933 1914 edidit
955 1854 987 1913 et
1009 1846 1134 1912 modice
1156 1847 1255 1931 plana
1276 1866 1348 1912 cum
1371 1866 1450 1912 voce
1472 1846 1609 1911 locutus.

834 1950 961 2016 ‘omnia
982 1949 1175 2035 dispensans
1197 1950 1290 2017 misto
1312 1949 1529 2015 moderamine
1552 1949 1652 2014 virtus

831 2054 912 2120 haec
934 2071 1059 2120 summa
1082 2061 1147 2136 est,
1173 2053 1255 2120 haec
1278 2053 1492 2138 complacet,
1522 2052 1603 2118 haec
1625 2052 1753 2118 vincere
1776 2060 1890 2136 gentes

832 2177 870 2222 ao
892 2156 1021 2241 placare
1044 2162 1158 2241 potest.
1206 2163 1350 2241 praestat
1371 2154 1474 2238 quod,
1500 2155 1640 2220 maxime
1663 2154 1787 2237 ductor,

832 2259 980 2325 virtutem
1001 2258 1190 2325 indomitam
1213 2265 1325 2324 sancta
1346 2258 1465 2342 pietate
1487 2257 1638 2323 revincis.

832 2360 988 2446 quidquid
1011 2361 1129 2428 deinde
1152 2381 1265 2446 geras,
1291 2367 1420 2426 nostrae
1443 2367 1494 2426 est
1514 2360 1648 2426 victoria
1669 2361 1782 2444 partis.

833 2465 881 2530 ric
902 2464 995 2548 ordo,
1021 2465 1068 2530 sio
1089 2472 1204 2531 cuncta
1226 2464 1353 2530 docent.
1400 2463 1641 2529 modo'mittere
1664 2463 1743 2529 duro

832 2570 958 2653 legatos
980 2587 1061 2654 opus
1084 2573 1134 2633 est
1155 2567 1313 2652 promissa
1335 2587 1414 2651 pace
1436 2573 1584 2650 tyranno.

833 2671 976 2757 captivos
998 2678 1158 2738 revocent.
1205 2669 1323 2735 nostris
1346 2669 1492 2736 discedat
1513 2670 1554 2734 ab
1578 2670 1641 2734 oris

689 2799 693 2810 ·
723 2798 735 2834 3
831 2775 889 2840 1113
912 2774 1023 2840 furens
1041 2775 1162 2840 Austur
1183 2792 1301 2839 saevae
1324 2791 1382 2839 seu
1404 2772 1511 2856 gentis
1533 2773 1678 2856 Ilaguas.

832 2877 985 2963 principis
1007 2877 1078 2961 ipse
1100 2875 1212 2960 iugum
1236 2875 1330 2942 solite
1353 2867 1486 2941 sufferre
1509 2882 1638 2942 coactus

833 2978 1581 3061 mmmmmmmmmmfflm

832 3083 939 3148 omnia
961 3083 1053 3149 salva
1075 3082 1163 3148 fient.
1210 3081 1359 3166 ignosces
1381 3081 1532 3165 gentibus
1554 3081 1682 3164 insons,

832 3193 865 3252 et
886 3186 1014 3271 placide
1037 3184 1167 3251 dabitur
1188 3185 1306 3251 nostris
1328 3184 1463 3250 victoria
1483 3184 1591 3250 rebus.

831 3296 865 3355 at
887 3290 915 3354 si
938 3289 1006 3355 fors
1028 3288 1171 3355 tumidus
1193 3288 1317 3354 steterit
1338 3287 1462 3354 cervice
1484 3286 1633 3370 rebellis,

831 3401 907 3459 tuno
928 3393 1026 3458 armis
1049 3392 1252 3477 superandus
1273 3391 1343 3457 orit.
1391 3411 1450 3456 nec
1472 3391 1616 3476 paenitet
1638 3412 1777 3476 unquam

831 3495 1052 3582 promiseris,
1080 3495 1108 3560 si
1129 3501 1230 3561 morte
1253 3494 1381 3561 cadant.
1429 3499 1563 3579 peccata
1584 3495 1745 3562 Iohannes

831 3599 921 3664 nulla
943 3598 1035 3664 feret.
1082 3597 1187 3682 pietas
1210 3597 1325 3662 animis
1347 3596 1464 3662 illaesa
1485 3596 1628 3663 manebit

831 3709 944 3786 coepta
965 3700 1058 3766 tuis'.
1105 3701 1255 3785 placuere
1278 3699 1352 3766 doci
1374 3700 1521 3765 consulta
1541 3699 1648 3766 fidelis

829 3803 915 3868 iusta
936 3802 1202 3886 vincerisque
1224 3809 1317 3887 pater
1337 3802 1496 3868 resolutos
1518 3803 1559 3867 ab
1581 3801 1647 3868 illis

830 3926 894 3971 non
915 3913 1019 3972 vacat.
1067 3906 1193 3972 alterna
1214 3904 1405 3989 franguntur
1425 3912 1554 3990 pectora
1576 3927 1663 3971 cura.

917 4008 1083 4074 eonsilium
1107 4015 1265 4073 matnmm
1288 4008 1364 4090 alit,
1392 4015 1424 4074 et
1445 4008 1598 4075 mandata
1620 4011 1758 4094 superbo

830 4120 904 4178 tunc
926 4112 1016 4178 iubet
1036 4111 1230 4195 armigerum
1254 4112 1391 4177 celerem
1414 4110 1555 4195 perferre
1578 4119 1729 4196 tyranno,

828 4215 948 4284 talibus
970 4221 1066 4298 atque
1089 4214 1192 4280 docet.
1244 4213 1369 4299 ‘perier
1390 4235 1464 4280 mea
1486 4214 1572 4280 diota
1597 4216 1724 4282 robelli.

711 4343 716 4380 5
824 4319 880 4386 ¹his
902 4319 1030 4384 monitis
1051 4319 1168 4384 nostris
1190 4337 1285 4383 aures
1309 4317 1467 4383 contunde
1491 4319 1657 4403 superbas.

830 4422 905 4487 dum
928 4428 1042 4506 gentes
1065 4427 1217 4506 peccant,
1243 4421 1349 4505 pietas
1371 4423 1515 4487 Romana
1537 4421 1687 4506 remittit,

829 4531 1006 4608 cunctaque
1028 4522 1144 4589 deletis
1166 4523 1265 4588 donat
1288 4523 1407 4589 delicta
1429 4524 1560 4590 libeliis.

829 4628 964 4713 perdere
985 4647 1049 4692 non
1071 4633 1221 4711 properat
1243 4645 1463 4710 quamcunque
1485 4627 1520 4691 in
1542 4627 1666 4712 proelia
1686 4636 1832 4712 gentem,

829 4731 1015 4818 poeniteant
1037 4731 1064 4795 si
1086 4730 1174 4795 bella
1196 4735 1320 4810 tamen,
1339 4730 1375 4794 si
1396 4729 1530 4796 foedera
1552 4751 1656 4796 rerum

830 4834 965 4900 subiecti
988 4833 1180 4916 veniamque
1203 4833 1265 4898 sibi
1286 4852 1462 4918 pacemque
1484 4834 1657 4916 requirant.

831 4935 889 5002 sed
912 4936 1061 5021 princeps
1085 4934 1259 5002 clementer
1280 4955 1382 5020 agens
1405 4935 1452 5002 sic
1474 4935 1581 5002 omnia
1603 4939 1727 5003 mavult

444 5111 515 5116 ·---
736 5112 854 5120 ——--—-

509 5213 559 5262 328
579 5215 620 5262 hio
640 5214 660 5260 Τ
762 5213 812 5263 329
830 5215 927 5263 doieme
946 5212 1024 5262 Meas.
1131 5211 1182 5262 333
1201 5213 1289 5263 domus
1309 5213 1387 5264 Moza.
1494 5213 1544 5262 335
1566 5215 1663 5275 placido
1681 5217 1830 5264 aririnarius
1850 5215 1871 5261 Τ
1976 5217 2030 5266 336
2050 5227 2077 5267 ot

441 5301 535 5349 modice
554 5299 697 5360 Mommsen,
723 5303 751 5350 in
771 5301 867 5350 modice
889 5299 917 5360 Τ,
939 5301 969 5347 in
988 5299 1069 5348 medio
1088 5299 1166 5349 Mora.
1273 5299 1374 5348 loeutus
1398 5301 1418 5346 Τ
1519 5300 1570 5349 331
1589 5300 1721 5361 dispensat
1745 5301 1764 5348 V
1866 5300 1916 5349 339
1933 5317 1963 5349 ac
1983 5303 2074 5356 Bekis„

440 5400 517 5448 acque
540 5387 570 5445 T,
588 5391 664 5448 atque
687 5386 708 5433 V
827 5385 923 5447 placore
945 5385 966 5431 V
1085 5384 1132 5434 311
1154 5391 1237 5434 nostra
1258 5386 1278 5432 Τ
1399 5386 1448 5434 311
1468 5393 1585 5435 reuocent
1603 5391 1696 5447 scripsi,
1717 5393 1817 5436 reuocet
1839 5387 1866 5447 Τ,
1887 5387 1977 5437 reddat
1995 5389 2074 5440 moa.

440 5472 489 5521 3⁴5
509 5486 597 5520 saeuae
610 5485 655 5520 seu
668 5473 752 5532 gentis
766 5471 853 5528 Maza..
869 5483 930 5520 saue
942 5484 985 5520 sou
999 5473 1083 5531 gentis
1098 5471 1127 5531 Τ,
1142 5485 1216 5520 saeuo
1228 5474 1335 5521 sociatus
1347 5473 1434 5521 malim
1503 5473 1617 5533 hilaguas
1634 5473 1654 5518 Τ
1754 5472 1805 5522 316
1822 5475 1941 5536 princeps
1954 5471 2036 5526 Maza.

439 5543 527 5607 sarrae
547 5556 623 5606 nan.
748 5556 797 5605 353
815 5556 915 5605 rumina
935 5555 1013 5604 aaa.
1136 5557 1319 5620 351penreest
1342 5560 1362 5606 r
1490 5557 1666 5607 3515333
1797 5557 2074 5610 saracenatorum.

440 5642 489 5696 360
506 5645 549 5692 hio
568 5645 680 5691 monitus
701 5644 721 5689 T
825 5641 872 5692 361
894 5641 953 5689 dum
974 5641 1004 5702 Τ,
1024 5655 1081 5690 cum
1100 5643 1215 5692 dubitans
1227 5644 1302 5694 oeae.
1409 5643 1458 5693 363
1478 5658 1627 5707 quaonnquo
1649 5644 1683 5691 Τ.
1771 5636 1823 5693 ’364
1840 5647 1972 5706 poeniteat
1991 5646 2074 5696 Moza.

439 5728 490 5778 366
509 5730 544 5777 sio
565 5729 595 5787 Τ,
615 5727 675 5776 hooc
693 5729 750 5800 tepit
769 5726 847 5775 Maza.
