4546 6420
431 433 572 501 XLVIII
1136 432 1367 490 PROOEIIIVII.

437 663 561 739 cuntur,
586 655 621 722 in
643 656 753 742 quinto
776 656 950 723 editionum
973 657 1190 724 inveniuntur.
1233 656 1400 722 Librorum
1422 655 1521 740 igitur
1542 655 1677 737 numeri,
1703 673 1783 738 quos
1805 652 2076 719 llauzucchellius

438 776 619 859 constituit,
653 777 699 842 ita
728 776 921 844 immutandi
950 785 1041 859 sunt,
1072 783 1108 842 ut
1134 776 1216 842 liber
1237 775 1278 838 V¹
1301 775 1357 841 pp
1380 776 1454 841 VII⁸
1484 775 1659 840 editionum
1681 775 1739 838 VI·
1761 775 1835 838 VII·
1857 774 1948 838 VIII·
1971 773 2075 838 nemi-

437 903 563 977 nentur,
591 895 675 962 liber
697 896 753 959 IV⁸
775 896 946 981 bipartitus
969 896 1111 961 numeris
1133 895 1179 961 IV
1200 902 1233 961 et
1254 896 1283 959 V
1306 894 1462 980 signetur.
1505 893 1568 959 Vbi
1590 892 1673 959 liber
1694 901 1827 978 quartus
1850 902 1954 975 exeat,
1981 892 2076 976 quin-

436 1021 490 1082 tus
512 1015 667 1100 incipiat,
681 1034 739 1100 pro
762 1023 847 1082 certo
870 1015 1042 1082 diiudicari
1063 1014 1219 1099 nequies).

527 1133 678 1201 Codicem
693 1134 938 1218 Trivultianum,
962 1134 1018 1219 qui
1036 1134 1150 1201 domus
1165 1133 1388 1200 nobilissimae
1403 1133 1630 1200 bibliothecam
1646 1113 1805 1219 privatam
1820 1133 1896 1200 inde
1912 1154 1933 1200 a
1947 1138 2075 1200 centum

438 1252 571 1338 triginta
593 1253 660 1320 lere
683 1255 776 1321 annis
799 1261 943 1337 exornat,
968 1261 1004 1320 ut
1025 1254 1097 1339 ipse
1123 1253 1299 1319 Mediolani
1320 1253 1355 1319 in
1377 1253 1470 1320 domo
1493 1273 1533 1320 ea
1555 1253 1728 1338 diligenter
1749 1252 1856 1320 denuo
1878 1259 2072 1335 excuterem,

441 1374 579 1440 Iacobus
602 1373 797 1456 Trivultins,
823 1373 964 1440 marchio
987 1373 1222 1456 nobilissimus,
1246 1373 1414 1439 Theodoro
1436 1374 1633 1440 Mommseno
1656 1373 1779 1459 petenti
1800 1373 1978 1439 liberaliter
1999 1392 2077 1438 con-

441 1493 550 1560 cessit.
590 1493 704 1559 Plures
726 1493 869 1578 quotidie
892 1514 950 1580 per
971 1493 1067 1560 horas
1088 1493 1191 1560 codici
1206 1492 1403 1560 conferendo
1416 1513 1546 1578 operam
1561 1492 1652 1558 danti
1666 1492 1745 1558 milri
1760 1513 1922 1579 nunquam
1938 1512 2001 1558 non
2016 1491 2077 1556 ad-

442 1612 504 1678 tuit
525 1631 631 1678 comes
646 1612 866 1681 nobilissimus
880 1613 983 1680 Iulius
998 1615 1105 1698 Porro,
1131 1613 1165 1678 in
1187 1633 1250 1697 quo
1271 1613 1342 1678 rito
1365 1612 1530 1698 egregiam
1554 1611 1765 1678 eruditionem
1788 1620 1884 1696 atque
1899 1612 2076 1679 doctrinam

441 1731 692 1798 iucundissimae
716 1732 856 1799 comitati
879 1741 912 1800 et
932 1733 1080 1799 facilitati
1102 1733 1149 1800 sic
1171 1733 1312 1800 iunctam
1335 1732 1417 1816 vidi,
1444 1741 1496 1816 nt,
1523 1731 1703 1802 fractumue
1725 1733 1878 1798 maiorem
1901 1753 1943 1798 au
1965 1731 2086 1797 delec-‘

328 1943 330 1948 Ι
442 1851 597 1917 tationem
621 1851 691 1918 eius
714 1873 755 1918 ex
777 1872 922 1919 sermone
944 1854 1153 1939 perceperim,
1185 1873 1226 1920 ne
1247 1872 1334 1919 nunc
1355 1852 1484 1936 quidem
1507 1851 1614 1918 dicere
1638 1872 1765 1934 queam.
1813 1852 2077 1935 Quandocunque

443 1970 486 2036 ad
509 1971 585 2037 libri
607 1973 817 2058 manuscripti
839 1973 943 2039 locum
966 1973 1196 2056 difficiliorem,
1222 1993 1335 2059 parum
1358 1971 1531 2056 diligenter
1552 1971 1704 2058 scriptum
1727 1973 1956 2058 rescriptnmve
1978 1971 2079 2038 deve-

442 2111 566 2173 neram,
596 2092 730 2158 consilio
755 2112 825 2158 cum
847 2092 916 2158 viro
938 2092 1124 2159 doctissimo
1145 2092 1262 2158 collato
1286 2090 1501 2158 dubitationes
1523 2092 1650 2158 solvere
1672 2092 1751 2157 milri
1772 2091 1874 2159 licuit.
1922 2092 2079 2171 Quotiens

444 2210 608 2278 oculorum
631 2211 770 2278 animive
793 2210 862 2277 acie
883 2212 1014 2278 nimiam
1036 2220 1109 2298 post
1131 2211 1340 2278 intentionem
1363 2213 1478 2278 obtusa
1500 2232 1630 2298 operam
1646 2211 1813 2296 paulisper
1826 2211 2074 2296 intermiseram,

445 2330 705 2397 confabulatione
727 2331 819 2396 breui
840 2331 1073 2399 iucundissima
1093 2332 1234 2398 refectus
1256 2333 1354 2417 plena
1369 2332 1535 2399 alacritate
1551 2332 1594 2398 ad
1608 2331 1771 2416 negotium
1788 2331 1881 2398 redii.
1920 2332 1996 2398 Viro
2010 2339 2078 2398 tam

445 2450 576 2534 egregie
599 2448 639 2516 de
663 2449 778 2516 studiis
801 2450 890 2517 hisce
913 2452 1026 2518 merito
1049 2451 1126 2536 quin
1148 2451 1276 2537 publice
1299 2452 1396 2518 etiam
1418 2459 1528 2536 grates
1550 2471 1692 2536 agerem,
1719 2450 1826 2518 tacere
1849 2473 1911 2518 uon
1934 2453 2035 2538 potui.

531 2570 732 2635 Trivultiano
755 2569 788 2635 in
811 2569 921 2636 codice
943 2591 1006 2636 non
1028 2571 1157 2654 integra
1178 2571 1331 2636 Iohannis
1353 2572 1447 2637 inest.
1495 2572 1565 2637 Iam
1592 2572 1677 2638 enim
1707 2571 1742 2636 in
1772 2572 1854 2637 libro
1884 2572 2075 2656 antiquiore,

444 2711 462 2756 e
486 2711 548 2775 quo
570 2689 791 2756 Trivultianus
813 2691 965 2774 manavit,
991 2691 1067 2756 libri
1089 2690 1194 2756 octavi
1217 2690 1289 2756 linis
1312 2690 1432 2772 defuit,
1457 2691 1600 2775 locisque
1626 2691 1843 2777 compluribus
1865 2693 1961 2758 modo
1983 2692 2076 2774 folia,

442 2811 477 2875 ni
500 2810 606 2893 fallor,
634 2809 763 2892 singula
790 2808 844 2892 (IV
868 2813 930 2874 200
954 2810 1031 2874 VIII
1054 2813 1142 2895 369),
1169 2810 1263 2876 modo
1285 2810 1434 2875 foliorum
1457 2818 1566 2895 partes
1592 2811 1647 2894 (VI
1670 2814 1848 2877 585-591
1870 2813 1948 2879 VIII
1971 2817 2079 2877 622-

444 2933 518 2994 626.
545 2931 725 3011 eso-656)
752 2925 926 3013 perierant.
964 2930 1015 2996 Ne
1037 2930 1108 3016 ipse
1130 2930 1351 2995 Trirultianus
1374 2929 1503 3015 quidem
1525 2938 1702 3015 temporum
1724 2931 1904 3016 iniquitatis
1925 2933 2080 2999 immunis

308 3077 310 3082 ·
443 3049 514 3116 luit.
562 3049 697 3116 Efoliis
720 3049 806 3114 enim
829 3049 1063 3134 septuaginta,
1078 3071 1161 3133 qnae
1185 3050 1315 3134 singula
1338 3069 1518 3134 sexagenos
1541 3050 1634 3116 binos
1655 3051 1724 3118 fere
1746 3072 1859 3118 versus
1880 3053 2080 3119 Iohannidos

445 3169 660 3252 continebant,
688 3169 864 3236 secundum
887 3177 920 3235 et
942 3170 1113 3254 septimum
1142 3170 1242 3252 (122.
1268 3172 1339 3250 270)
1366 3169 1608 3236 interciderunt.

532 3289 643 3382 (lodex
675 3291 864 3357 chartaceus
893 3289 1067 3356 alibrario
1090 3310 1202 3376 parum
1225 3289 1326 3374 perito
1348 3308 1526 3374 parumque
1550 3290 1699 3375 dIIIgenti
1722 3311 1807 3359 saec.
1832 3293 1910 3358 XIV
1931 3293 2080 3378 apicibus

445 3408 636 3476 minusculis
668 3411 805 3496 scriptus
835 3416 894 3476 est.
942 3408 1027 3487 Quid
1060 3409 1220 3492 legerem,
1257 3409 1450 3494 aliquotiens
1484 3408 1640 3476 dubitavi.
1686 3412 1799 3496 Neque
1833 3414 1918 3480 enim
1951 3414 2080 3480 litterae

446 3533 458 3592 ι’
479 3552 501 3592 u
523 3551 544 3592 ιι
566 3551 606 3611 m,
633 3529 688 3595 ubi
710 3529 793 3596 inter
816 3528 1000 3595 seiunctae
1023 3536 1201 3610 occurrunt,
1227 3535 1313 3594 certo
1337 3547 1463 3614 semper
1485 3528 1630 3613 dignosci
1652 3538 1797 3615 possunt,
1823 3539 1856 3598 et
1869 3552 1982 3599 versus
1998 3553 2081 3599 non-

446 3648 530 3714 nulli
552 3648 694 3715 secuuda
716 3668 831 3730 manu,
862 3667 945 3730 quae
968 3668 988 3712 a
1009 3647 1113 3733 prima
1134 3647 1222 3712 haud
1245 3646 1340 3713 Iacile
1363 3648 1571 3732 discernitur,
1603 3649 1651 3716 ita
1672 3649 1831 3717 immutati
1855 3660 1946 3735 sunt,
1979 3659 2016 3717 ut
2036 3673 2079 3719 ne

445 3787 571 3834 summa
603 3767 733 3852 quidem
767 3767 931 3833 oculorum
963 3765 1138 3848 iudiciique
1172 3766 1346 3832 intentione
1380 3767 1611 3835 dubitationem
1645 3789 1770 3836 omnem
1807 3772 1921 3838 tollere
1958 3773 2076 3857 possis.

447 3887 597 3953 Ceterum
627 3887 789 3954 secundae
818 3905 934 3953 manus
962 3885 1118 3952 lectiones
1146 3905 1209 3951 uon
1238 3906 1256 3951 e
1286 3884 1396 3953 codice
1422 3888 1487 3954 ullo
1510 3908 1679 3974 manasse,
1713 3889 1771 3956 sed
1793 3890 1983 3957 conlecturis
2006 3911 2080 3958 raro

445 4005 595 4072 felicibus
617 4014 704 4073 ortas
726 4026 798 4072 esse
821 4005 981 4072 nemiuem
1003 4005 1118 4090 fugiet.

532 4125 601 4192 Iam
616 4125 808 4192 'llivultiani
829 4125 949 4193 codicis
971 4125 1013 4192 de
1035 4127 1262 4210 orttoprcpbr'c,
1289 4124 1381 4192 cuius
1403 4127 1533 4193 brevem
1556 4137 1761 4214 conspectum
1783 4131 1843 4196 viri
1859 4131 1944 4196 docti
1958 4130 2079 4197 Iohan-

444 4245 514 4312 nidi
535 4245 759 4313 emendandae
781 4266 912 4331 operam
934 4245 1082 4312 navaturi
1103 4244 1276 4330 requirent,
1301 4265 1407 4330 pauca
1428 4247 1570 4332 praefari
1591 4249 1698 4316 liceat.

532 4422 548 4466 c
570 4421 606 4465 ee
626 4420 662 4464 oe
677 4420 858 4485 nunquam,
884 4403 895 4463 ι’
915 4421 935 4483 y
956 4420 1028 4466 raro
1051 4399 1274 4466 discernantur

532 4544 554 4584 ιι
575 4541 634 4606 pro
657 4543 673 4584 o
694 4520 823 4606 ponitur
843 4520 878 4585 in
899 4520 951 4586 Iris
973 4519 1121 4586 vocibus:

445 4640 804 4726 conglomeravit&
1298 4642 1426 4709 locutus
1448 4641 1550 4727 praef.
1577 4645 1617 4707 25
1654 4645 1687 4709 Π
1710 4646 1773 4710 336
1811 4645 2003 4710 1111253

446 4743 601 4810 contrusit
623 4745 668 4811 IV
691 4745 754 4809 839
1299 4745 1402 4810 lurica
1423 4744 1502 4810 VIII
1523 4747 1587 4810 493

445 4846 648 4913 cumclausus
670 4847 687 4911 I
709 4849 770 4910 551
1300 4847 1472 4912 mariturus
1494 4847 1541 4912 IV
1563 4850 1626 4912 202

445 4968 611 5015 cumcurro
633 4948 679 5013 IV
704 4951 783 5012 1017
1300 4955 1410 5016 mnvet
1431 4948 1477 5014 IV
1499 4951 1562 5012 525

445 5051 615 5117 cumvenie
637 5051 670 5115 Π
694 5053 734 5114 74
1299 5052 1395 5118 rubor
1416 5049 1461 5116 IV
1486 5053 1569 5116 1069

446 5153 612 5219 cumvolvo
635 5153 697 5218 VII
720 5156 780 5216 447
959 5219 962 5224 ,
1299 5154 1464 5220 rumuleus
1487 5153 1533 5219 IV
1555 5156 1619 5220 893

446 5255 632 5322 cuncutiol
659 5256 717 5319 158
1298 5255 1434 5342 trepulis
1461 5256 1620 5343 (Tripolis)
1646 5259 1680 5324 H
1705 5263 1764 5323 117

445 5359 552 5425 heulis
581 5357 720 5442 (Aeoliis)
748 5357 868 5422 Ι1256
1141 5419 1144 5426 ,
1299 5359 1390 5426 uliua
1410 5359 1443 5424 11
1466 5361 1528 5424 293
1565 5361 1615 5426 ΠΙ
1638 5363 1689 5428 32.
1717 5365 1859 5428 12256

448 5565 632 5575 ...n——

533 5703 558 5765 6)
580 5703 705 5751 Gustarus
719 5705 807 5752 Loerre
825 5705 862 5754 sie
879 5705 972 5754 llbrunr
990 5705 1156 5755 dividendum
1174 5719 1230 5756 esse
1247 5708 1399 5769 auspicatur,
1420 5713 1450 5756 nt
1467 5713 1555 5770 quarto
1567 5722 1655 5758 sersus
1668 5708 1727 5772 644,
1748 5693 1835 5773 quma
1849 5709 1897 5759 527
1917 5711 2079 5762 addicantur.
