4508 6434
1183 426 1330 481 CORIPPI

831 615 934 680 omnis
956 615 1061 680 amica
1083 634 1208 681 manus.
1256 614 1344 680 flevit
1365 621 1440 680 111111
1462 614 1563 680 tristis
1584 620 1691 678 arator

721 741 732 779 1
830 716 1005 783 disiunctos
1029 717 1157 800 fugiens
1180 717 1288 782 hostes
1312 717 1458 800 rapuisse
1480 716 1645 784 iuvencos.

828 827 904 885 tuuc
926 839 1037 885 omnes
1060 819 1184 904 periere
1206 819 1337 898 domus,
1362 826 1439 884 tunc
1460 825 1576 884 cuncta
1597 818 1756 903 supellex.

828 943 888 988 uec
910 924 1000 988 solus
1022 943 1145 1008 pauper
1167 943 1243 988 casu
1267 939 1440 988 concussus
1462 921 1496 986 in
1514 922 1574 990 willo

828 1026 1005 1091 succubuit.
1053 1025 1144 1091 dives
1168 1025 1288 1110 pariter
1310 1044 1381 1090 eum
1404 1044 1545 1109 paupere
1568 1043 1702 1089 mersus.

827 1135 899 1213 post
921 1128 1102 1194 Solomonis
1124 1147 1202 1214 opes
1224 1128 1357 1193 libertas
1380 1127 1466 1192 iacta
1488 1127 1626 1212 rapinis,

826 1251 886 1297 neo
908 1251 983 1316 pars
1004 1232 1074 1298 ulla
1096 1231 1158 1298 luit
1178 1231 1257 1298 belli
1279 1251 1393 1297 secura
1414 1230 1560 1314 maligni.

825 1342 934 1419 raptor
955 1334 1074 1419 ubique
1097 1335 1207 1400 furens
1229 1335 1324 1399 urbes
1347 1334 1513 1400 succendit
1535 1339 1567 1398 et
1587 1351 1693 1416 agros.
1797 1413 1801 1422 ι

824 1457 886 1504 nee
907 1457 1003 1521 seges
1025 1445 1081 1504 aut
1101 1438 1212 1519 arbor,
1241 1437 1383 1520 flagrans
1405 1457 1489 1520 quoe
1510 1436 1645 1502 solvitur
1665 1436 1758 1519 igne,

826 1541 896 1606 sola
917 1540 1010 1624 perit.
1058 1561 1141 1624 quae
1163 1547 1254 1624 peste
1277 1546 1403 1620 carent,
1430 1547 1575 1606 armenta
1597 1538 1733 1624 peredit.

823 1643 927 1708 omnis
949 1650 982 1710 et
1003 1665 1024 1707 a
1045 1641 1184 1708 dominis
1207 1643 1332 1708 calcata
1352 1649 1403 1708 est
1424 1642 1534 1708 Africa
1556 1641 1687 1707 Mauris.

697 1793 702 1806 .
823 1767 880 1830 pro
904 1746 1010 1812 dolor!
1058 1746 1093 1811 in
1116 1746 1239 1829 campis
1261 1745 1349 1811 acies
1367 1745 1431 1811 ianr
1454 1745 1570 1811 sistere
1592 1745 1698 1826 nulla,

823 1869 882 1915 uec
904 1849 1006 1934 potuit
1028 1849 1155 1914 clausos
1177 1848 1270 1914 miles
1293 1847 1468 1914 defendere
1491 1868 1609 1913 muros.

782 1981 783 1986 ¹
822 1953 981 2018 irascente
1003 1953 1064 2018 deo
1085 1951 1254 2018 traduntur
1274 1957 1389 2016 cuneta
1410 1951 1542 2036 rapinis.

823 2056 964 2141 pertidus
986 2062 1019 2121 ct
1040 2056 1162 2122 Stutias
1183 2055 1298 2120 iterum
1321 2075 1378 2140 per
1399 2055 1487 2120 bella
1508 2055 1647 2121 cucurrit

822 2159 942 2225 Antala
963 2159 1149 2225 dominante
1171 2178 1247 2239 suo,
1273 2157 1452 2240 meruitque
1474 2164 1631 2242 tyrannus

678 2283 725 2324 rso
822 2263 928 2328 omnia
950 2263 1010 2329 sub
1032 2262 1160 2328 domiuo
1182 2261 1343 2347 praedans
1364 2261 1543 2328 discurrere
1566 2262 1688 2326 Mauro.

1093 2457 1399 2466 ——-—-...—-

661 2667 820 2765 usuu
850 2666 1108 2767 orsurus
1139 2665 1209 2764 uu
1241 2662 1482 2763 ovuuvs
1524 2663 1831 2790 (orsurus).

903 2881 988 2946 Dum
1011 2881 1117 2965 placet
1137 2877 1265 2944 infandi
1288 2897 1403 2944 nornen
1425 2898 1602 2945 memorare
1624 2879 1770 2962 tyranni,
1847 2939 1850 2944 ,

817 2983 921 3068 surgit
941 2985 983 3049 ab
1005 2983 1158 3064 internis,
1185 2980 1378 3048 conturbans
1401 3001 1493 3066 ossa,
1519 2981 1672 3048 medullis

817 3086 925 3152 durior
946 3106 1022 3152 ecce
1046 3086 1145 3152 dolor.
1194 3083 1329 3150 confusa
1350 3091 1457 3150 mente
1480 3085 1624 3152 retardor

815 3197 862 3256 tot
882 3190 993 3256 clades
1016 3209 1191 3255 memorare
1214 3188 1331 3254 ducum
1354 3206 1511 3272 meusque
1534 3208 1676 3254 meorum

816 3299 913 3376 atque
935 3313 1034 3358 meos.
1083 3293 1176 3358 miles
1199 3291 1341 3375 trepidos
1364 3311 1427 3356 uon
1449 3291 1534 3357 lidus
1556 3291 1669 3375 adegit

815 3395 943 3462 tradere
966 3397 1060 3479 signa
1081 3395 1187 3461 malis.
1236 3395 1368 3478 longum
1388 3400 1440 3460 est
1461 3414 1592 3460 narrare
1616 3393 1750 3460 ruinam.

815 3499 874 3564 sed
897 3518 1068 3565 memorem
1090 3498 1186 3564 certis
1208 3498 1364 3563 bellorum
1388 3497 1522 3562 crimina
1544 3497 1661 3563 verbis.

902 3602 968 3667 dux
990 3608 1059 3667 erat
1081 3601 1234 3666 obsessae
1257 3606 1401 3666 servator
1422 3599 1585 3666 Himerius
1608 3600 1713 3682 urbis,

814 3705 941 3770 moenia
962 3705 1075 3770 clausa
1096 3711 1191 3769 tuens
1214 3711 1246 3768 et
1267 3703 1372 3768 celsas
1394 3703 1494 3770 milite
1515 3711 1631 3769 turres.

814 3827 833 3872 e
856 3806 971 3872 mediis
993 3807 1127 3872 miseros
1149 3806 1248 3871 traxit
1269 3806 1402 3872 fallacia
1423 3807 1523 3872 muris

813 3917 846 3976 et
867 3910 988 3975 Mauris
1010 3909 1130 3974 servire
1153 3909 1252 3974 dedit.
1300 3929 1438 3992 namque
1460 3911 1538 3975 urbe
1562 3909 1688 3977 sedenti

813 4012 960 4078 blandior
981 4010 1122 4088 infausto
1144 4010 1315 4076 mandatur
1337 4011 1477 4095 epistula
1499 4031 1609 4092 versu,

813 4115 940 4181 nomine
964 4115 1083 4199 scripta
1105 4113 1213 4197 ducis,
1239 4114 1395 4198 milesque
1418 4113 1569 4179 Sinoniur
1591 4115 1714 4180 inuans

811 4237 884 4284 esre
907 4218 1059 4284 Iohannis
1082 4217 1136 4282 ait.
1184 4217 1322 4301 legimns
1345 4217 1497 4282 mandata
1517 4218 1647 4301 tyranni

811 4321 980 4386 eredentes
1003 4320 1156 4386 mandata
1178 4319 1280 4385 ducis.
1327 4338 1385 4384 nos
1408 4340 1506 4404 saepe
1529 4321 1698 4405 perillam

811 4423 955 4488 hortatur
977 4422 1110 4504 mediis,
1137 4443 1195 4488 ceu
1218 4423 1300 4502 dux,
1326 4442 1491 4488 occurrere
1515 4423 1637 4508 campis

811 4534 843 4592 et
864 4526 984 4611 pariter
1005 4545 1135 4610 sparsas
1158 4525 1339 4590 Maurorum
1363 4533 1505 4592 evertere
1528 4525 1644 4591 fossas.

810 4629 960 4695 attollunt
978 4628 1105 4708 animos
1128 4629 1261 4694 confusa
1283 4635 1389 4694 mente
1412 4628 1540 4694 tribuni.

809 4732 902 4816 signa
925 4731 1084 4796 movenda
1107 4731 1233 4796 damus.
1279 4731 1378 4797 tacita
1400 4731 1542 4796 velocius
1565 4752 1644 4796 aura

810 4835 973 4918 egreditur
996 4834 1062 4899 dux
1083 4835 1154 4920 ipse
1177 4834 1290 4916 simul,
1317 4834 1483 4917 noctisque
1507 4854 1565 4918 per
1586 4835 1730 4900 umbram

809 4938 905 5003 currit
926 4957 1023 5022 eques
1046 4937 1142 5002 sociis
1165 4937 1300 5003 festinus
1321 4937 1455 5020 iungere
1477 4937 1587 5020 signa,

808 5059 907 5123 seque
930 5047 1043 5124 putant
1059 5040 1210 5105 tardasse
1233 5040 1304 5104 viri.
1352 5047 1426 5105 tuuc
1448 5047 1524 5105 ante
1547 5040 1685 5106 cucurrit

807 5141 927 5227 impius
950 5142 1007 5207 ille
1030 5142 1147 5224 Sinon,
1173 5150 1349 5227 gentesque
1372 5143 1525 5226 dolosque
1548 5141 1684 5228 paravit.

487 5385 683 5448 disperaret
787 5385 837 5436 448
856 5385 1057 5449 parcendura,
1076 5385 1213 5448 pauperi*
1316 5385 1367 5436 149
1385 5386 1511 5435 libertaT
1616 5387 1665 5436 4511
1684 5373 1805 5438 seautnT
1907 5385 1960 5436 453
1979 5395 2053 5437 caret

416 5475 527 5518 armentu
545 5484 591 5531 per
607 5471 713 5520 edanl'
757 5469 758 5474 ’

490 5555 498 5602 1
521 5555 580 5603 dum
598 5557 679 5618 placet
699 5555 787 5618 Mora,
812 5556 899 5606 ductor
917 5559 982 5605 lacet
1002 5557 1023 5604 Τ
1144 5556 1158 5604 5
1179 5558 1253 5604 milex
1273 5557 1385 5619 trepidus
1409 5558 1429 5604 Τ
1549 5560 1698 5608 Sobaessae
1716 5559 1802 5622 scca,
1821 5561 1932 5608 obaesus
1954 5560 1982 5618 Τ,
2003 5561 2052 5608 ob-

417 5640 594 5690 sessualdaaa.
683 5642 823 5691 imeriusT
913 5642 940 5692 ll
962 5643 1128 5704 urbemiprt,
1149 5644 1241 5691 urbiT
1330 5643 1358 5691 15
1378 5657 1452 5706 saepe
1462 5645 1493 5704 Τ,
1514 5659 1605 5707 nempe
1617 5642 1734 5694 dubitans
1746 5644 1821 5692 aar.
1913 5643 1946 5693 16
1965 5647 2052 5694 scuT

418 5724 646 5774 111111111111111
750 5724 781 5776 19
800 5729 895 5776 1111111·
996 5727 1029 5777 23
1046 5730 1146 5792 parauit
1165 5727 1254 5792 Moza,
1273 5730 1417 5794 putauitT
