4462 6436
1212 414 1360 470 CORIPPI

860 613 895 670 tu
918 624 1011 688 reges
1034 605 1155 672 seruire
1177 604 1269 672 facis.
1316 605 1359 670 da
1382 625 1476 690 posse
1499 604 1633 686 volenti,

862 716 898 774 ut
920 708 1036 774 faciam
1058 709 1217 793 placitura
1238 709 1323 776 tibi'.
1370 710 1520 794 placuere
1544 707 1669 793 parenti

863 811 983 877 orantis
1006 813 1061 896 pia
1082 813 1181 878 verba
1203 811 1281 895 viri,
1307 811 1500 895 genitusque
1523 810 1666 897 precanti

864 916 992 996 adnuit,
1019 923 1051 981 et
1073 923 1202 981 sanctus
1228 918 1407 1000 ‘regnato'i
1437 915 1567 1000 spiritus
1590 913 1702 997 inquit.

866 1040 927 1084 vox
949 1039 1068 1084 arcana
1089 1018 1144 1085 dei
1165 1020 1266 1103 gestis
1288 1019 1323 1084 fit
1345 1026 1420 1084 nota
1443 1018 1626 1103 peractis:·

866 1143 927 1187 non
950 1122 1078 1204 tierent,
1104 1123 1168 1188 nisi
1191 1129 1302 1189 sancta
1325 1122 1376 1188 dei
1399 1143 1460 1188 vox
1482 1123 1541 1188 illa
1563 1122 1698 1188 iuberet.

952 1226 1025 1310 ipsa
1047 1226 1144 1292 etiam
1167 1227 1282 1293 summi
1305 1245 1435 1292 consors
1458 1226 1638 1292 castissima
1659 1225 1748 1307 regni

868 1329 1000 1413 uirginis
1023 1336 1055 1396 et
1075 1329 1186 1396 matris
1208 1330 1362 1415 templum
1385 1330 1521 1396 sublime
1544 1329 1675 1413 petivit,

868 1434 959 1498 cuius
980 1432 1149 1498 adoratum
1172 1432 1271 1499 limen
1294 1432 1432 1498 feliciter
1452 1433 1575 1498 intrans

744 1565 755 1590 ο
800 1561 805 1568 ·
868 1541 943 1602 ante
965 1536 1035 1620 pios
1057 1537 1164 1602 vultus
1187 1536 1339 1621 expansis
1361 1535 1502 1603 candida
1523 1537 1639 1622 palmis

870 1639 1026 1724 constitit,
1053 1646 1085 1706 et
1106 1640 1214 1726 pronis
1236 1640 1372 1726 supplex
1395 1640 1475 1706 haec
1497 1640 1639 1706 vultibus
1660 1639 1739 1706 infit.

874 1744 982 1827 ‘virgo
1004 1744 1156 1810 creatoris
1179 1744 1324 1828 genetrix
1347 1743 1550 1810 sanctissima
1572 1743 1698 1826 mundi,

872 1848 992 1913 excelsi
1014 1848 1127 1932 regina
1148 1848 1230 1933 poli,
1257 1847 1440 1933 specialiter
1462 1868 1526 1913 una

872 1972 949 2017 vera
970 1971 1086 2037 parens
1108 1959 1141 2017 et
1161 1951 1251 2035 virgo
1273 1970 1423 2034 manens,
1450 1950 1518 2016 sine
1541 1950 1662 2018 semine
1685 1951 1784 2036 patris

748 2071 778 2109 οῦ
873 2076 969 2138 quam
991 2055 1072 2121 deus
1094 2055 1193 2139 elegit
1214 2061 1346 2120 matrem
1369 2053 1447 2132 sibi,
1474 2054 1606 2120 credula
1628 2054 1759 2120 verbum
1817 2095 1821 2104 -

875 2159 1056 2243 concipiens
1078 2165 1218 2225 nostram
1240 2157 1381 2242 genuisti
1404 2157 1471 2223 ieta
1494 2157 1641 2224 salutem.

876 2284 894 2326 o
917 2262 1021 2347 pietas
1043 2261 1189 2328 miranda
1211 2261 1264 2328 dei
1286 2261 1437 2345 dictuque
1458 2259 1636 2328 tremenda!
1691 2296 1697 2304 ·

876 2366 1036 2432 caelorum
1058 2365 1159 2431 factor
1179 2365 1327 2431 dominus
1350 2365 1447 2444 deus,
1473 2364 1568 2430 unice
1590 2364 1690 2450 patris

877 2470 979 2535 forma
1001 2468 1070 2550 dei,
1098 2489 1193 2534 verae
1216 2489 1288 2535 sese
1310 2468 1471 2534 velamine
1494 2467 1599 2534 carnis

878 2573 998 2655 induit,
1023 2580 1056 2639 et
1077 2573 1162 2638 servi
1184 2572 1318 2638 formam
1340 2572 1381 2638 de
1404 2572 1529 2655 virgine
1551 2569 1698 2656 sumpsit.

879 2695 958 2758 quos
979 2675 1048 2758 tibi,
1074 2695 1153 2760 quos
1175 2675 1282 2758 genito
1305 2675 1419 2759 dignor
1442 2676 1603 2741 solvemus
1625 2675 1759 2740 honores

880 2799 935 2864 pro
958 2779 1072 2861 tantis,
1098 2778 1283 2860 benedicta,
1309 2778 1425 2843 bonis?
1468 2784 1517 2861 te,
1544 2777 1648 2861 gloria
1670 2785 1823 2843 matrum.

880 2882 1099 2966 auxiliumque
1121 2882 1245 2967 inploro
1266 2889 1373 2947 tuum:
1400 2889 1432 2948 te
1454 2901 1582 2967 semper
1602 2881 1749 2962 adorem,

882 2995 913 3052 te
935 2986 1039 3052 fatear
1060 2986 1220 3052 dominam
1244 2986 1511 3069 servatricemque
1534 3004 1686 3051 novarum

667 3163 676 3188 .
762 3109 786 3147 u
883 3090 996 3156 Iustini
1018 3111 1132 3155 rerum.
1179 3096 1320 3155 nostrum
1344 3095 1454 3175 caput,
1480 3089 1601 3171 inolita,
1628 3108 1736 3171 serra,

882 3201 986 3260 tutare
1007 3194 1191 3279 imperium,
1217 3193 1316 3258 vitam
1339 3213 1432 3277 rege,
1458 3193 1577 3278 perfice
1600 3200 1742 3279 coepta.¹

885 3297 944 3380 da,
970 3298 1053 3364 bene
1075 3297 1239 3382 dispositis
1262 3297 1437 3382 procedant
1457 3297 1565 3362 omnia
1585 3297 1713 3362 nostrin

886 3401 987 3468 subde
1011 3401 1097 3468 feras
1118 3408 1243 3484 gentes.
1289 3401 1374 3467 iusto
1396 3421 1546 3468 mucrone
1569 3400 1699 3486 superbi

887 3504 1070 3590 depereant.
1118 3511 1224 3571 vestro
1247 3525 1374 3590 semper
1396 3503 1550 3570 tutamine
1573 3503 1707 3569 vivam’.

886 3609 1024 3695 plurima
1044 3615 1212 3694 praeterea
1234 3608 1340 3674 verbis
1363 3608 1572 3674 clementibus
1594 3626 1706 3688 orans,

887 3713 1004 3779 oblatis
1027 3712 1126 3795 ceris,
1152 3713 1250 3778 altam
1273 3711 1428 3778 remeavit
1449 3711 1484 3777 in
1506 3712 1625 3778 aulam.

887 3817 914 3882 it
936 3835 1062 3882 sacrum
1084 3815 1234 3882 comitata
1255 3816 1340 3881 lutus
1363 3815 1578 3901 pulcherrima
1598 3815 1722 3900 proles,

888 3921 961 3986 luce
983 3939 1043 3984 sue
1063 3919 1192 4004 plenam
1214 3939 1297 4001 quae
1319 3918 1422 4005 possit
1442 3919 1569 3985 vincere
1591 3918 1717 4001 lunam,

890 4022 1101 4108 aequiperans
1124 4022 1242 4088 umeris
1264 4029 1415 4104 matrem,
1441 4023 1487 4088 sio
1511 4021 1618 4088 lucida
1640 4023 1744 4103 onitu,

782 4148 791 4186 r
892 4127 937 4193 sic
958 4127 1062 4192 niveis
1085 4126 1226 4203 formosa
1247 4125 1340 4209 genis
1363 4125 1541 4208 similisque
1563 4126 1700 4210 parenti.

889 4231 965 4314 igne
987 4229 1106 4296 micant
1127 4229 1223 4296 oculi.
1269 4249 1385 4296 nomen
1406 4229 1547 4295 distabat
1568 4237 1600 4295 et
1621 4236 1730 4312 aetas,

892 4354 955 4400 non
975 4340 1084 4400 tamen
1106 4332 1258 4416 egregiae
1281 4332 1421 4399 distabat
1441 4331 1546 4416 gratia
1568 4331 1705 4398 formae:

893 4435 1014 4502 arboris
1037 4443 1072 4502 ut
1092 4435 1204 4502 matris
1226 4455 1309 4519 quac
1331 4436 1372 4502 de
1394 4435 1503 4501 radice
1526 4455 1667 4521 propago

894 4539 1036 4606 nascitur
1058 4545 1090 4606 et
1111 4538 1207 4605 celsis
1229 4545 1325 4624 caput
1347 4538 1442 4623 erigit
1463 4537 1565 4604 ardua
1586 4539 1700 4622 ramis,

895 4643 1083 4729 aequiperat
1102 4643 1193 4708 noris
1215 4650 1390 4709 maternam
1413 4641 1579 4709 frondibus
1601 4643 1763 4725 umbram,

896 4755 930 4813 at
951 4753 1053 4814 mater
1074 4747 1235 4832 propriam
1258 4745 1423 4812 florentem
1445 4746 1589 4831 germine
1611 4753 1720 4812 natam

896 4849 1017 4936 gaudet
1040 4850 1159 4917 habere
1180 4870 1309 4936 parem,
1335 4850 1502 4933 laetasque
1525 4849 1653 4916 adtollit
1672 4850 1707 4915 in
1729 4869 1823 4915 auras

897 4954 1009 5021 felices
1032 4973 1154 5037 ramos,
1181 4961 1214 5022 et
1234 4954 1354 5023 vertice
1376 4953 1513 5040 despicit
1534 4974 1622 5020 arva.

581 5149 612 5198 ii
632 5151 714 5198 seuire
736 5153 746 5195 1
766 5163 811 5210 m.,
830 5149 926 5196 seruire
944 5149 1006 5197 2m.
1028 5145 1057 5194 M
1157 5146 1189 5196 4³
1208 5149 1358 5208 genitusque
1376 5146 1450 5208 Ruta,
1469 5148 1600 5209 genitique
1621 5151 1692 5206 lm„
1712 5147 1846 5207 genitoque
1865 5146 1927 5195 im.
1949 5144 1978 5193 M
2085 5163 2139 5212 pre-

513 5239 593 5285 esuris
613 5235 641 5282 M
759 5233 792 5283 ti
810 5236 901 5282 annuit
919 5233 948 5280 M
1067 5238 1168 5294 regnato
1186 5233 1264 5282 Burtb
1281 5233 1391 5281 1111111
1410 5236 1441 5281 16
1457 5248 1484 5294 p.
1507 5235 1581 5294 1666,
1601 5239 1716 5293 regnator
1734 5231 1762 5279 M
1888 5231 1923 5281 46
1941 5233 2035 5283 flerent
2055 5235 2138 5300 Burri,

516 5326 579 5386 tierit
599 5321 634 5384 M,
654 5323 724 5370 iteret
744 5319 807 5368 licis
919 5319 951 5369 52
970 5321 1086 5380 genetrix
1107 5322 1118 5367 1
1137 5333 1183 5382 on,
1203 5322 1313 5380 genitrix
1331 5321 1348 5368 2
1364 5335 1398 5370 m.
1420 5318 1449 5367 Μ
1550 5319 1583 5369 56
1600 5320 1666 5369 locu
1684 5317 1713 5365 M
1814 5317 1846 5368 63
1864 5320 2043 5382 rusiliumque
2065 5328 2076 5370 1
2095 5338 2140 5381 m.,

514 5411 689 5470 arixilinmque
707 5407 723 5454 ί)
740 5422 774 5460 m,
795 5405 823 5453 M
959 5405 991 5455 65
1010 5413 1120 5454 nostram
1139 5403 1168 5452 M
1303 5405 1335 5454 73
1354 5421 1370 5469 q
1391 5411 1461 5467 1m.,
1481 5421 1531 5468 que
1548 5406 1564 5453 2
1579 5421 1612 5454 m.
1635 5403 1664 5452 M
1799 5403 1831 5453 74
1849 5404 1963 5454 humeris
1984 5407 2019 5468 M,
2039 5413 2069 5456 ut
2087 5410 2142 5456 solet

516 5497 547 5544 723
566 5496 706 5556 similisque
720 5493 755 5556 M,
774 5493 903 5554 similique
920 5492 958 5539 vel
970 5493 1118 5554 similesque
1131 5491 1266 5541 Mommsen
1275 5497 1396 5553 punctum
1407 5495 1434 5541 in
1445 5493 1494 5557 fine
1505 5506 1589 5541 onear
1598 5493 1709 5553 positum
1719 5489 1801 5539 delam
1905 5489 1939 5540 80
1959 5495 2094 5556 equiparat
2108 5493 2140 5556 M,

515 5585 708 5644 aequiparstque
727 5581 797 5640 licis,
818 5580 975 5640 aequiparata
993 5578 1069 5625 nmio
1084 5578 1213 5642 V1111p.
1228 5581 1280 5628 3⁵9
1384 5585 1520 5628 maternam
1538 5604 1573 5615 -
1589 5579 1701 5626 umbram
1718 5579 1812 5639 scripsi,
1832 5581 1946 5626 materna
1958 5605 1995 5616 -
2006 5583 2096 5630 umbra
2108 5580 2141 5641 Μ,

516 5677 640 5718 maternae
657 5695 693 5704 —
710 5669 810 5715 umbrae
829 5666 892 5713 licis
1005 5663 1034 5712 61
1054 5665 1179 5727 propriam
1197 5666 1325 5714 florentem
1345 5663 1379 5727 M,
1400 5667 1499 5728 proprio
1517 5667 1644 5713 florentem
1665 5664 1737 5723 liuta,
1756 5664 1877 5725 proprium
1898 5664 2000 5713 florenti
2022 5665 2142 5727 nmque,

516 5757 557 5800 sed
574 5756 608 5813 of.
631 5754 684 5803 lob.
710 5754 758 5800 Vll
776 5756 809 5802 to
914 5750 945 5800 82
965 5753 1036 5799 abere
1057 5749 1084 5796 M
