4576 6428
924 417 1149 474 cesarano.
1782 419 1843 484 vll

231 653 370 726 raptores
392 651 542 722 caementa,
569 644 721 725 infantulo
743 644 892 704 clamante
913 652 947 706 ut
965 651 1103 724 poterat:
1144 645 1335 708 Christianus
1357 664 1437 726 sum,
1469 645 1660 710 ctrartcnus
1683 665 1761 724 sum,
1786 663 1842 727 per

224 763 380 846 ,isanctum
397 763 591 852 Stephanum]
620 763 813 826 Christianus
828 783 908 826 sam.
954 762 1012 845 III,
1039 765 1080 827 62
1110 774 1138 827 ct
1159 765 1211 828 ubi
1231 765 1330 828 adbuc
1351 774 1518 828 noscuntur
1538 786 1667 848 parcere
1688 766 1838 842 subiectis,

228 885 270 947 ad
284 884 428 947 utendum
442 887 575 946 serviliis
591 903 694 946 eorum
716 883 886 965 [peccand.
932 883 1052 967 111,7o
1072 887 1223 966 prostrati
1241 905 1396 969 ropamus,
1422 893 1457 948 nt
1476 905 1536 948 uon
1557 889 1710 968 spernatis
1725 895 1840 948 vestras

227 1007 352 1066 miseras
372 1013 543 1086 peccatores
571 1005 639 1087 [per
661 1004 738 1085 eum)
765 1006 818 1085 qni
844 1023 897 1066 vos
920 1004 961 1066 ad
983 1007 1179 1086 apostolicum
1200 1007 1317 1068 mtlmen
1342 1010 1487 1087 provenit
1506 1007 1633 1070 humiles
1658 1000 1848 1090 piscatores.'

226 1124 332 1190 Etiam
354 1123 492 1190 maiores
514 1125 649 1190 lacunae
670 1123 705 1188 in
727 1124 831 1189 altera
848 1123 993 1190 codicum
1016 1124 1139 1190 familia
1166 1125 1239 1210 (Bp)
1267 1124 1559 1210 deprehenduntur,
1585 1125 1698 1192 sedin
1720 1125 1798 1191 locis
1820 1145 1841 1190 a

226 1244 318 1308 nobis
340 1244 449 1310 allatis
471 1244 554 1310 hanc
576 1243 695 1309 maiore
718 1243 781 1310 fide
804 1243 935 1328 dignam
958 1261 1029 1310 esse
1052 1244 1131 1311 satis
1154 1251 1204 1311 est
1225 1243 1441 1311 manifestam.
1487 1245 1577 1312 Idem
1600 1246 1641 1313 de
1666 1245 1739 1312 aliis
1761 1265 1840 1330 quo-

229 1385 288 1448 qae
310 1365 400 1446 locis,
433 1385 626 1448 quamquem
655 1365 689 1430 in
719 1363 844 1430 familia
865 1365 922 1450 Rp
943 1364 1178 1450 interpolatoris
1201 1385 1324 1450 quoqne
1354 1365 1520 1432 cuiusdam
1549 1387 1664 1434 manue
1693 1372 1841 1450 grassata

228 1492 285 1569 est,
311 1483 515 1551 statuendum
538 1503 610 1550 esse
632 1484 724 1550 nobis
746 1484 875 1568 quidem
897 1485 1097 1571 exploratum
1119 1486 1262 1553 videtur:
1296 1487 1399 1570 velut,
1431 1493 1466 1552 ut
1486 1487 1608 1570 aliquot
1628 1488 1778 1572 exempla
1799 1507 1840 1553 ex

227 1606 351 1672 duobus
379 1605 469 1673 libris
495 1604 652 1690 prioribus
674 1605 862 1687 aderamus,
895 1606 923 1669 Β
945 1612 1029 1672 reete
1051 1606 1149 1673 babet
1170 1606 1253 1672 Prol.
1279 1607 1355 1691 qt:
1388 1612 1515 1692 speeiem
1545 1610 1643 1674 adbuc
1672 1609 1839 1674 sordentem

225 1749 285 1789 non
315 1728 477 1791 mactabat·
505 1729 632 1809 artificis
664 1728 774 1790 indicio
804 1729 868 1810 ipni
900 1727 1021 1810 (artifici
1047 1729 1156 1790 iudicio
1180 1731 1258 1812 iqnis
1281 1728 1345 1812 BV)
1378 1731 1619 1793 amaminandam
1647 1730 1836 1808 contradere,

225 1848 247 1914 i.
267 1868 296 1914 e.
321 1847 453 1914 artificis
474 1847 593 1914 iudicio
615 1848 728 1914 offerre
751 1852 786 1912 ut
807 1866 878 1912 eam
900 1846 968 1931 igni
990 1817 1208 1930 examinaret,
1224 1847 1380 1914 locutione
1402 1869 1442 1915 ex
1461 1849 1589 1916 Psalmo
1612 1851 1664 1931 65,
1685 1853 1724 1912 lb
1746 1867 1840 1933 repe·

225 1968 295 2035 tin.
342 1969 368 2052 I,
394 1972 413 2034 8
447 1971 500 2032 ubi
527 1972 729 2033 ministerium
757 1971 836 2052 iqm's
864 1973 964 2031 minus
994 1971 1137 2032 voluerat
1169 1971 1313 2052 (oanan
1341 1969 1429 2054 BV),
1469 1970 1494 2050 I,
1521 1972 1541 2032 9
1568 1989 1645 2054 qaas
1672 1970 1834 2053 (basilicos)

223 2111 283 2152 non
305 2091 527 2153 destrnmerant
560 2091 792 2171 (destruamunt
814 2088 928 2172 BLV),
966 2109 1041 2152 snae
1069 2093 1210 2174 relipioni
1236 2095 1500 2173 mancipaverunt.
1546 2090 1572 2171 I,
1599 2094 1636 2156 31
1662 2092 1839 2154 αόιιίιιιιιι-

224 2213 355 2274 tulornm
386 2211 695 2294 (adulescentularum
717 2208 809 2293 BLV)
837 2208 1043 2272 saeculariam
1065 2230 1157 2273 more.
1196 2209 1283 2292 1‚35
1306 2231 1467 2274 remanens
1489 2214 1589 2294 itaque
1604 2213 1726 2274 domino
1744 2212 1839 2274 vidua

227 2335 441 2414 (remansitque
470 2332 592 2394 domina
622 2351 653 2395 v.
686 2330 777 2414 BLV)
808 2378 815 2393 .
843 2379 850 2394 .
880 2349 985 2393 servos
1015 2331 1128 2394 Christi
1156 2333 1303 2394 Sersaoni
1329 2333 1426 2413 offert.
1484 2331 1517 2413 1,
1542 2336 1579 2395 41
1611 2333 1800 2416 presbyter.
1827 2380 1836 2396 .

171 2459 174 2464 '
223 2461 433 2537 cmqreqatam
455 2469 556 2515 secum
575 2461 765 2514 armatorum
788 2471 912 2514 omnum
934 2453 975 2514 ad
989 2453 1227 2536 empapnandarn
1251 2451 1371 2515 turbam
1385 2453 1521 2516 accendit
1543 2456 1731 2516 innocentum
1757 2452 1838 2534 (con-

220 2583 347 2657 qrepata
368 2592 394 2636 s.
421 2593 453 2637 a.
477 2593 571 2634 mann
593 2574 634 2634 ad
656 2593 682 2636 e.
708 2582 730 2636 t.
756 2573 932 2636 accenditur
954 2577 976 2635 i.
1000 2571 1107 2656 BLV).
1151 2571 1178 2654 Ι,
1204 2573 1245 2635 43
1269 2575 1356 2635 cuius
1378 2591 1446 2634 cnm
1468 2574 1522 2636 diu
1544 2593 1580 2636 ac
1602 2576 1725 2656 saepias
1748 2573 1837 2636 tibias

221 2694 385 2776 torquendo
408 2694 601 2756 tinnientibus
629 2692 661 2776 (i.
687 2713 716 2758 e.
742 2699 882 2784 nostram
905 2691 1111 2776 sebwirrend,
1137 2693 1308 2756 timentibus
1328 2691 1392 2773 BV,
1419 2693 1600 2757 tonantibus
1623 2694 1658 2773 L)
1685 2697 1838 2758 constrin-

218 2824 323 2898 qerent
351 2815 472 2877 cbardis
501 2824 529 2878 el
554 2813 718 2896 frontem.
747 2863 754 2878 .
779 2815 981 2878 discindentes
1015 2815 1233 2895 (descendentes
1262 2813 1355 2895 BLV)
1394 2835 1431 2876 ac
1459 2817 1623 2899 muqientes
1651 2816 1838 2878 ostenderent

220 2941 280 3002 ete.
326 2935 360 3020 Ι,
386 2939 427 2999 47
457 2937 510 3018 qui
538 2955 605 2998 mem
631 2937 734 2998 multis
764 2936 885 2999 insidiis
911 2944 1103 3018 premeretur
1130 2944 1165 2998 ut
1194 2935 1370 2998 catbalecam
1400 2938 1548 2998 amitteret
1574 2935 1745 3018 [admitteret
1766 2934 1833 3014 BV,

222 3060 366 3119 omitteret
388 3055 422 3137 L)
448 3057 538 3137 fidem
560 3061 622 3120 etc.
669 3054 748 3138 11,4
773 3059 914 3138 episcopi,
938 3058 992 3138 qui
1013 3056 1097 3138 apud
1124 3056 1165 3138 (in
1187 3053 1279 3136 BLV)
1308 3057 1592 3138 Constantinopolim
1614 3066 1696 3120 ment.
1734 3056 1776 3137 Π,
1796 3059 1837 3120 30

222 3179 431 3240 mulierculam
457 3226 464 3238 .
492 3223 499 3238 .
526 3196 619 3237 manu
650 3175 835 3258 insanmlum
863 3195 958 3238 uuam
993 3176 1062 3258 (uno
1084 3174 1151 3255 BV,
1183 3195 1247 3238 una
1269 3175 1313 3254 L;
1349 3174 1390 3242 of.
1421 3175 1562 3242 Indicam
1584 3176 1639 3241 IV.
1672 3175 1732 3242 sab
1759 3195 1837 3242 voce

219 3299 309 3382 ansts)
337 3306 480 3360 tenentem
503 3301 564 3361 ete.
611 3295 661 3377 11,
687 3297 728 3360 32
758 3297 799 3358 od
828 3316 901 3380 qnos
931 3297 1096 3378 aliquando
1125 3296 1198 3360 data
1228 3299 1361 3380 inqentia
1390 3317 1519 3360 manera
1545 3299 1631 3380 (data
1653 3305 1674 3361 i.
1699 3318 1740 3362 m.
1765 3296 1831 3381 BV,

221 3421 327 3481 dantes
350 3421 371 3480 i.
395 3440 425 3502 q.
471 3417 560 3482 Lex
583 3415 786 3500 correctione)
815 3466 850 3480 ..
884 3401 943 3479 via
964 3419 1042 3480 ctam
1072 3417 1201 3480 admissi
1220 3437 1326 3481 sumas
1355 3421 1489 3496 intrare,
1521 3417 1562 3484 cf.
1587 3417 1659 3483 Ind.
1684 3418 1727 3484 IV
1750 3436 1775 3481 s.
1802 3438 1834 3483 v.

218 3537 392 3623 Participia
412 3538 569 3604 absoluta.
617 3537 667 3620 II,
694 3540 733 3602 34
762 3538 914 3601 nobiscnm
937 3546 965 3600 et
985 3556 1040 3599 nos
1063 3537 1172 3600 libebat
1197 3539 1313 3619 (licebat
1335 3537 1401 3622 BV)
1426 3559 1572 3622 perpere,
1603 3542 1633 3602 si
1653 3541 1755 3602 liceret
1776 3544 1837 3604 etc.

217 3657 259 3739 11,
286 3661 327 3722 39
357 3660 447 3723 buius
469 3661 559 3722 edicti
580 3669 711 3722 tenorem
733 3664 888 3722 universis
914 3660 1095 3740 coepiscopis
1117 3662 1177 3720 tuis
1206 3659 1361 3742 (episcopis
1384 3664 1443 3723 tuis
1465 3658 1559 3742 BLV)
1589 3708 1624 3723 ..
1649 3661 1835 3723 diremimus.

216 3779 258 3862 Π,
285 3783 320 3842 41
350 3783 402 3862 qui
426 3779 587 3864 (notarius)
614 3781 699 3843 nobis
722 3783 828 3843 merito
849 3781 1006 3862 reliqionis
1029 3799 1065 3842 ac
1084 3759 1158 3860 fidei
1181 3779 1295 3862 (merito
1318 3801 1355 3842 ao
1380 3782 1535 3863 reliqionis
1554 3781 1626 3861 fidei
1646 3778 1713 3864 BV)
1742 3801 1838 3864 prae-

220 3910 335 3984 ceptum
358 3904 424 3963 citas
447 3903 478 3962 in
497 3903 622 3964 ecclesia
647 3951 654 3964 .
676 3952 682 3966 .
707 3903 869 3964 recensuit.
916 3899 959 3980 Π,
977 3902 1019 3962 tt
1042 3909 1070 3962 et
1091 3901 1150 3982 eqo‘
1164 3899 1262 3962 scribo
1277 3903 1457 3982 coepiscopis
1479 3902 1564 3978 meis,
1590 3905 1662 3982 qvia
1676 3901 1838 3964 cenetam

216 4026 380 4085 raniversae
401 4042 466 4084 una
488 4031 533 4085 est
554 4042 648 4084 causa
675 4022 762 4102 (curo
785 4020 892 4103 BLV).
939 4020 990 4102 11,
1023 4024 1064 4086 58
1088 4039 1178 4102 mam
1201 4040 1299 4082 vocem
1322 4019 1509 4084 ntbstonliae
1531 4029 1727 4105 contemptam
1754 4021 1836 4105 (con-

217 4153 327 4206 tentam
349 4143 387 4226 Β,
413 4153 530 4207 cantem
553 4142 617 4226 BV)
645 4144 776 4206 terribili
797 4144 1008 4205 cmtestatiane
1034 4142 1232 4222 (intestatione
1252 4138 1346 4224 BLV)
1373 4145 1536 4224 increpans
1569 4141 1669 4224 (deus)
1696 4143 1738 4204 ad
1759 4162 1835 4206 eun-

131 4259 136 4270 '
215 4266 281 4330 dem
301 4265 479 4356 propbetam
496 4267 628 4346 loquitur
643 4265 755 4327 dicens.
795 4261 837 4345 11,
858 4264 898 4326 73
921 4264 975 4345 qvi
995 4262 1082 4325 abicit
1096 4263 1160 4338 deo,
1186 4263 1268 4342 quia,
1293 4264 1323 4324 si
1343 4262 1379 4323 de
1402 4281 1434 4324 se
1456 4265 1520 4346 ipso
1534 4268 1635 4347 penuit
1656 4264 1718 4344 (dea
1732 4266 1786 4346 qui
1799 4264 1835 4326 de

215 4404 247 4447 se
263 4388 326 4468 ipso
341 4389 443 4469 pennit
457 4384 521 4467 BV)
542 4385 702 4448 divisionis
717 4386 824 4446 vitium
843 4385 981 4466 pertulit,
1003 4390 1100 4465 potest
1114 4382 1223 4462 dicere,
1244 4385 1316 4463 quia
1332 4391 1360 4445 ct
1375 4382 1506 4446 laborem
1521 4386 1615 4447 sensit
1629 4388 1690 4449 ete.
1729 4383 1773 4466 II,
1791 4385 1832 4447 96

214 4510 281 4588 quis
303 4527 349 4569 me
368 4509 478 4589 poterit
500 4507 537 4567 ab
560 4508 624 4568 cius
647 4507 729 4568 aetla
757 4505 852 4586 (vultu
874 4502 967 4584 BLV)
998 4502 1181 4584 probibere?
1230 4500 1377 4568 Sufficiet
1398 4501 1479 4570 baec
1500 4503 1649 4588 exempla
1670 4502 1829 4568 attulisse.

213 4625 331 4693 Contra
353 4626 487 4709 familie,
520 4624 679 4707 adquam
702 4623 802 4691 codex
824 4625 853 4688 Β
874 4622 1021 4709 pertinet,
1054 4621 1191 4688 deterior
1212 4628 1263 4688 est
1283 4629 1339 4688 ant
1360 4623 1605 4708 interpolatione
1628 4629 1777 4707 corrupta
1798 4623 1831 4688 in

212 4747 263 4812 bis
284 4746 376 4814 loeis.
408 4748 433 4830 Ι,
454 4751 472 4812 8
496 4746 550 4812 nbi
573 4746 669 4828 vulgo
691 4745 825 4830 legitur:
851 4748 930 4808 stent
951 4747 983 4806 in
1001 4744 1183 4826 Gartbaqine
1198 4745 1261 4806 odii
1274 4763 1369 4806 causa
1391 4744 1523 4821 tlteatra,
1548 4745 1652 4807 aedem
1668 4747 1832 4809 Memoriae

216 4918 222 4930 .
245 4917 252 4932 .
273 4916 280 4932 .
302 4869 444 4952 funditis
465 4869 651 4945 delevemnl,
676 4864 850 4932 secundnm
867 4864 1009 4932 codicem
1031 4863 1059 4928 B
1081 4868 1168 4928 certa
1190 4861 1411 4930 emendatione
1434 4862 1638 4929 scribendum
1661 4870 1727 4930 est:
1753 4867 1831 4928 secut

212 4990 255 5052 ibi
279 4989 321 5074 (in
343 4990 371 5053 R
393 4988 434 5055 of.
460 4988 518 5072 111,
544 4992 585 5052 49
608 4993 642 5054 et
662 4987 723 5068 III,
748 4989 776 5068 5)
807 4988 991 5071 Gartbapine
1020 4987 1120 5049 odium
1148 4983 1181 5067 (i.
1206 5003 1236 5048 e.
1261 4979 1393 5071 ᾠδεῖον),
1426 4985 1575 5048 tbeatrnm
1607 4983 1681 5066 (odia
1710 4986 1828 5048 tbeatra

210 5110 264 5195 R),
289 5112 391 5175 aedem
407 5112 571 5174 Memoriae
589 5157 596 5170 .
617 5108 782 5192 .sanditas
796 5110 983 5172 deleverant.
1015 5106 1041 5190 Ι,
1060 5105 1223 5190 trinepte
1239 5104 1405 5188 vulgatur:
1431 5125 1563 5189 qtmrum
1582 5103 1777 5188 (insularum)
1796 5154 1825 5170 ..

211 5234 348 5296 Siciliam
378 5233 514 5296 Odoacro
544 5233 652 5294 Italiae
679 5229 935 5313 repi'tmbntario
965 5231 1033 5291 iure
1062 5230 1206 5290 concessit
1233 5224 1457 5310 (Gamelione)
1495 5246 1537 5289 ecc
1557 5245 1619 5310 qna
1642 5228 1671 5288 ei
1693 5227 1827 5289 Odoacar

209 5355 338 5438 sinqalis
359 5354 526 5437 quibusque
550 5351 732 5434 temporibus
761 5359 795 5412 ut
823 5351 941 5412 domino
963 5349 1078 5412 tributa
1101 5349 1257 5440 dependit,
1289 5349 1424 5430 aliquam
1452 5355 1550 5410 tamen
1579 5345 1638 5409 sibi
1662 5366 1826 5410 reservans

210 5484 338 5556 partem,
363 5473 467 5557 qnasi,
494 5473 520 5537 si
544 5471 630 5555 qaod
653 5471 770 5538 donum
793 5470 898 5552 datur,
924 5467 1122 5553 accipientis,
1149 5488 1212 5534 non
1226 5466 1333 5533 danne
1356 5467 1399 5534 sit
1418 5465 1541 5550 aliquid
1564 5465 1624 5531 eibi
1647 5485 1823 5532 reservare.

209 5594 419 5661 Scribendum
442 5613 529 5660 esse:
557 5614 599 5657 em
620 5614 682 5677 qua
704 5595 748 5655 eis
776 5591 807 5674 (i.
832 5611 863 5656 e.
887 5589 1066 5673 Wandalis)
1102 5592 1137 5653 O.
1163 5609 1190 5654 s.
1214 5610 1243 5673 q.
1269 5599 1290 5652 t.
1315 5597 1349 5651 at
1378 5589 1507 5651 dominis
1536 5589 1651 5650 tributa
1672 5589 1822 5670 deperdit,

206 5721 342 5800 aliquam
371 5725 392 5778 t.
418 5716 477 5778 sibi
496 5715 725 5778 reservantibus
744 5721 880 5796 partem,
912 5709 1133 5776 Bruxellensis
1155 5729 1281 5793 quoque
1302 5707 1393 5773 testis
1415 5715 1480 5790 est,
1506 5708 1540 5773 in
1562 5729 1624 5790 qao
1646 5707 1774 5792 quidem
1797 5712 1826 5773 ei
