4546 6420
915 405 1146 462 raconurvn.
1780 409 1841 474 xv

304 629 485 694 Postremos
507 629 689 694 Maurorum
713 630 869 712 omnium,
903 631 1091 713 quibuscum
1117 631 1151 695 in
1174 630 1312 714 Byzacio
1335 630 1469 696 Iohanni
1492 634 1737 698 concertandum
1761 643 1840 716 erat,

219 749 375 834 Corippus
398 770 429 813 v.
458 753 518 812 156
542 749 709 815 Vadenscs
730 758 901 816 memorat:

579 870 698 954 quique
721 870 821 936 Vadis
843 871 973 956 tepidae
981 873 1016 953 58)
1045 891 1165 936 messes
1187 871 1238 937 bis
1259 871 1370 937 tondet
1391 872 1425 936 in
1447 893 1531 938 anno

579 973 712 1038 Maurus
735 995 841 1038 arans.

218 1095 390 1163 Numidiae
421 1094 562 1179 episcopi
584 1093 752 1159 Vadenses
781 1094 844 1159 duc
874 1094 1021 1160 diversae
1050 1095 1137 1160 sedis
1167 1095 1200 1160 in
1223 1095 1345 1160 Notitia
1372 1095 1605 1180 provinciarum
1627 1098 1755 1166 Africae
1784 1122 1844 1167 no-

218 1219 388 1284 minantur.
436 1213 577 1280 Alterius
600 1214 758 1280 dioecesis
781 1215 837 1280 ubi
860 1215 956 1280 fuerit
977 1215 1157 1298 ignoratur,
1190 1217 1273 1280 alter
1302 1237 1377 1282 vero
1401 1237 1473 1282 eum
1496 1217 1669 1284 Numidiae
1692 1221 1844 1287 meridio-

218 1339 302 1404 nalis
332 1337 436 1402 locum
465 1335 608 1402 tenuisse
638 1334 783 1416 videtur,
817 1335 871 1418 qui
899 1335 1026 1401 nomine
1054 1337 1186 1419 antiquo
1215 1356 1315 1419 usquc
1346 1337 1390 1401 ad
1417 1345 1525 1402 nostra
1550 1346 1695 1423 tempora
1717 1349 1843 1410 servato

217 1479 302 1525 nunc
324 1457 424 1522 Badis
446 1457 689 1541 appellatura).
737 1456 798 1534 Qui
828 1456 918 1520 vicus
948 1456 1099 1538 quoniam
1129 1477 1168 1522 ea
1197 1456 1270 1540 ipsa
1299 1457 1332 1522 in
1362 1457 1493 1540 regione
1516 1458 1596 1525 situs
1619 1467 1683 1536 est,
1718 1461 1758 1527 de
1781 1483 1844 1546 qua

219 1579 392 1664 Corippum
415 1577 467 1641 hic
489 1597 588 1660 agere
611 1583 750 1657 constat,
785 1576 839 1640 vix
861 1576 1017 1642 audaciae
1041 1576 1158 1642 nimiae
1180 1597 1315 1660 arguar,
1343 1577 1371 1642 si
1393 1578 1436 1643 ad
1459 1599 1531 1643 eum
1554 1580 1749 1647 lobannidos
1772 1603 1845 1650 ver-

221 1722 291 1766 sum
313 1699 345 1764 11
372 1701 431 1762 156
454 1697 628 1763 retulerim.

305 1820 416 1898 Nunc,
443 1817 610 1902 quoniam,
641 1837 722 1900 quae
745 1817 903 1902 Corippus
926 1825 958 1881 61
981 1818 1020 1882 66
1043 1818 1215 1902 provinciis
1239 1819 1464 1903 Byzantiorum
1487 1812 1648 1885 Africanis
1670 1830 1702 1887 et
1724 1823 1765 1889 de
1787 1845 1845 1909 po-

219 1940 303 2026 pulis
326 1938 478 2004 Mauricis
499 1938 612 2018 tradit,
645 1946 798 2022 quantum
821 1936 889 2002 fieri
911 1938 1031 2022 potuit,
1065 1938 1199 2002 aliorum
1223 1939 1411 2023 scriptorum
1434 1940 1513 2004 locis
1537 1941 1679 2008 collectis
1701 1943 1845 2009 illustra-

218 2063 333 2140 vimus,
359 2060 403 2126 ad
425 2060 555 2126 brevem
578 2079 683 2124 rerum
705 2058 739 2123 in
754 2057 864 2122 Africa
885 2065 1059 2141 gestarum,
1086 2079 1168 2141 quae
1184 2058 1363 2125 lohannide
1378 2069 1603 2142 memorantur,
1630 2064 1843 2130 narrationem

219 2183 424 2266 accingamur
432 2183 484 2264 ⁶⁰).

304 2302 521 2368 Vandalorum
544 2320 621 2384 opes
644 2319 715 2363 cum
739 2319 769 2363 a.
795 2321 829 2383 p.
855 2299 930 2365 Chr.
955 2320 988 2363 n.
1015 2301 1076 2362 533
1100 2299 1308 2380 corruissent,
1343 2301 1454 2366 decem
1477 2322 1534 2387 per
1556 2323 1657 2369 annos
1680 2305 1793 2388 plenos
1803 2307 1839 2388 61)

220 2425 347 2490 Solomo
381 2427 420 2504 la.
448 2423 628 2486 531-536.
663 2423 843 2498 539-513)
879 2426 911 2483 61
940 2418 1120 2484 Germanus
1156 2422 1196 2502 (a.
1222 2423 1402 2504 537-539)
1436 2422 1531 2487 rebus
1561 2443 1711 2509 prospere
1742 2425 1843 2508 gestis

136 2549 142 2556 '
218 2545 360 2611 Africam
383 2543 558 2609 dioecesim
581 2563 601 2606 a
622 2541 805 2606 Maurorum
827 2539 1062 2604 incursionibus
1085 2539 1307 2606 defenderunt.
1347 2541 1476 2624 laudas,
1503 2544 1632 2609 Aurasii
1655 2546 1771 2611 montis
1793 2567 1845 2612 re-

217 2667 324 2750 gulus,
350 2665 406 2748 qui
428 2665 515 2729 solus
537 2661 713 2727 latrociniis
729 2659 914 2725 Numidiam
937 2659 1132 2744 provinciam
1155 2661 1315 2728 lacessere
1337 2681 1436 2727 ausus
1457 2670 1537 2744 erat,
1563 2663 1649 2734 felici
1665 2665 1844 2732 Solomonis

219 2784 424 2872 expeditione
447 2806 478 2849 a.
505 2785 567 2847 539
597 2800 769 2867 oppressus
798 2779 915 2845 exinde
944 2799 1056 2864 pacem
1080 2781 1221 2846 servavit
1230 2783 1280 2864 ⁸²).
1329 2781 1378 2847 Nc
1402 2783 1522 2849 Statias
1544 2785 1675 2868 quidem
1699 2786 1840 2870 rebellis,

219 2907 273 2989 qui
301 2906 509 2990 perfugarum
538 2905 750 2968 Romanorum
783 2901 847 2965 dux
877 2900 1006 2965 Africae
1037 2901 1285 2967 dominationem
1315 2904 1489 2987 appetebat
1497 2907 1553 2986 ⁶³),
1590 2904 1739 2972 diuturno
1767 2914 1844 2974 tunc

130 3111 136 3118 Ι
218 3027 355 3092 tumultu
384 3046 497 3111 pacem
524 3022 708 3108 provinciae
737 3021 886 3087 turbavit.
934 3021 1142 3086 ABclisario
1171 3022 1256 3087 enim
1288 3043 1319 3087 a.
1346 3026 1407 3088 536
1430 3023 1472 3088 66
1495 3024 1790 3110 Membressam⁰⁴]‚
1823 3049 1844 3093 a

307 3373 348 3435 58)
370 3374 544 3422 Trivultianus
569 3372 645 3420 codex
674 3369 783 3432 ‘tepide'
809 3369 920 3417 exhibet.
959 3370 1055 3416 bekker
1084 3369 1193 3430 ‘tepido'
1217 3372 1332 3432 scripsit,
1359 3385 1432 3432 quam
1454 3373 1620 3421 coniecturam
1639 3387 1683 3434 ego
1701 3376 1727 3422 in
1746 3381 1845 3424 textum

220 3463 311 3523 recepi.
351 3460 399 3508 Sed
417 3462 471 3508 iure
490 3461 583 3520 optimo
594 3457 738 3506 Theodorus
751 3455 919 3503 Mommsenus
939 3463 1022 3502 nrorret
1040 3469 1138 3502 versum
1158 3457 1279 3503 medicina
1297 3471 1454 3519 nequaquam
1473 3471 1554 3518 egere,
1575 3460 1706 3508 dummodo
1727 3459 1844 3523 ‘tepidae'

162 3573 168 3582 =-
221 3548 352 3595 scribatur.

305 3634 345 3694 59)
368 3633 445 3693 Roget
465 3633 498 3679 Le
517 3632 608 3679 sabare
625 3632 656 3678 de
678 3631 703 3676 la
721 3631 837 3692 province
854 3628 885 3676 de
904 3627 1078 3676 Constantine.
1118 3629 1220 3676 Recueil
1240 3629 1283 3676 des
1302 3631 1397 3677 notices
1423 3635 1449 3678 et
1467 3632 1599 3680 6616661166
1617 3633 1647 3680 66
1667 3635 1690 3680 la
1708 3646 1755 3682 666.
1777 3635 1844 3684 arch.

220 3721 251 3768 de
269 3721 292 3767 la
310 3733 378 3780 prov.
399 3720 429 3766 66
449 3717 534 3766 (locst.
555 3717 613 3764 xv1
635 3713 699 3764 1811
720 3730 744 3777 p.
765 3713 814 3763 291
839 3715 986 3774 scriptorum
1011 3721 1123 3762 veterum
1148 3721 1173 3762 et
1192 3716 1301 3762 Arabum
1328 3715 1359 3762 de
1384 3718 1437 3764 vico
1456 3717 1530 3765 116616
1552 3719 1616 3766 locos
1634 3720 1741 3779 collegit.
1780 3720 1843 3770 Ptol.

220 3805 257 3854 lV
275 3807 299 3864 6,
321 3803 353 3852 32
373 3799 482 3854 Batiai.
521 3803 581 3854 Tab.
603 3802 674 3850 Peut.
696 3801 733 3849 111
753 3801 772 3848 F
791 3800 888 3848 Radias.
926 3801 982 3847 Not.
1005 3801 1083 3860 Dign.
1103 3799 1160 3848 066.
1182 3800 1256 3848 XXV
1280 3805 1437 3864 praepositus
1455 3803 1544 3851 limitis
1562 3803 1680 3852 Bazensis
1708 3807 1775 3866 (1.6.
1796 3807 1845 3855 Ba-

219 3893 334 3952 6166616).
374 3891 489 3952 cyprian.
512 3889 551 3936 ed.
573 3889 657 3936 llartel
676 3888 688 3934 1
706 3903 731 3949 p.
753 3887 802 3935 113
821 3887 879 3933 libri
897 3887 1063 3948 manuscripti
1083 3887 1197 3934 nonnulli
1218 3888 1342 3938 ι11611666
1365 3887 1511 3951 (episcopus)
1533 3891 1664 3948 evacis’,
1692 3893 1732 3940 alii
1755 3893 1781 3940 ‘a
1799 3893 1846 3942 Ba·

220 3977 271 4026 dis'
291 3978 420 4025 exhibent.

308 4081 349 4141 60)
371 4081 479 4137 Rerum,
506 4064 567 4140 quas
585 4077 708 4139 Corippus
726 4076 864 4124 lohannids
888 4077 989 4136 retulit,
1017 4077 1182 4124 narrationem
1200 4081 1354 4138 accuratam,
1380 4079 1546 4134 succinctam,
1572 4081 1712 4140 elegantem
1732 4083 1845 4129 invenies

221 4167 287 4228 apud
305 4167 421 4215 Fournel.
444 4167 492 4212 Les
511 4165 616 4211 Barbers
635 4165 645 4210 l
665 4177 690 4224 p.
712 4161 830 4210 95-101
850 4163 919 4210 Paris
940 4161 1012 4211 1615.
1053 4163 1090 4209 De
1109 4163 1227 4223 opusculo
1245 4165 1306 4223 alio,
1335 4165 1408 4211 culus
1426 4164 1490 4212 locos
1509 4179 1598 4228 pancos
1617 4168 1643 4214 in
1663 4173 1733 4215 notas
1751 4169 1842 4228 recepi,

220 4253 361 4313 legentibus
379 4253 501 4300 iudicium
521 4251 642 4311 relinquo.
672 4249 820 4296 Inscribitur
840 4247 957 4296 Taurica
981 4248 1066 4294 Notice
1086 4261 1128 4295 sur
1146 4247 1252 4310 Gorippe
1271 4257 1296 4296 et
1315 4264 1358 4297 sur
1376 4251 1399 4297 la
1417 4251 1554 4298 loharrnlde
1568 4253 1628 4300 Rev.
1644 4254 1698 4300 Alr.
1715 4253 1762 4301 xx
1779 4253 1844 4303 1816

219 4353 244 4401 p.
265 4337 410 4388 289-199.

304 4443 345 4496 61)
367 4442 424 4492 Gor.
445 4441 497 4491 lob.
519 4438 735 4489 111289dorens
754 4438 815 4485 haec
833 4415 923 4498 gaudia
940 4439 1019 4484 sensit

632 4531 715 4572 nostra
734 4525 818 4572 decem
838 4523 915 4571 tellus
934 4525 1021 4584 plenos
1039 4525 1124 4571 laxata
1143 4537 1188 4584 per
1205 4537 1281 4572 anuos

304 4631 345 4693 62)
368 4631 422 4680 Cor.
445 4632 498 4679 loh.
512 4627 613 4679 111301
632 4642 704 4690 asper
722 4636 747 4675 et
766 4628 809 4675 ille
828 4628 905 4674 semel
922 4627 1015 4674 bellum
1036 4629 1169 4688 temptavit
1186 4627 1276 4674 laudas

631 4722 657 4762 et
675 4715 748 4774 tulit,
770 4721 828 4760 ante
846 4719 931 4760 166166
950 4727 1048 4773 campos
1067 4727 1141 4774 quam
1161 4713 1223 4760 vidit
1240 4721 1353 4776 apertos,

632 4807 658 4848 61
676 4800 767 4848 mediis
786 4801 890 4847 tremuit
908 4799 1029 4847 Romanos
1049 4813 1147 4846 currere
1167 4799 1246 4848 silvis.

220 4892 367 4938 Accuratius
386 4889 479 4937 bellum
498 4889 675 4937 Aurasitannm
694 4887 827 4947 Procopius
845 4887 869 4934 b.
890 4885 970 4932 Vand.
993 4885 1016 4931 ll
1038 4883 1077 4932 19.
1099 4882 1131 4932 20
1150 4884 1291 4946 descripsit.

306 4992 347 5056 63)
369 4992 477 5052 (166666,Ι
491 4993 584 5054 quibus
604 4991 702 5040 Stutiae
720 4992 809 5038 seditio
828 4993 887 5036 nata
904 4990 938 5037 sit
956 4990 1121 5050 celeriterque
1140 4989 1281 5046 increverit,
1302 4987 1436 5050 Procopius
1454 4989 1479 5037 b.
1500 4987 1582 5037 Vand.
1604 4989 1628 5038 11
1649 4987 1680 5038 11
1699 4994 1825 5052 exposuit.

306 5097 347 5156 61)
369 5097 424 5146 Gor.
444 5093 609 5145 161.111311
630 5096 697 5143 1666
720 5095 855 5155 (Stutism).
867 5093 1020 5141 Membressa
1038 5095 1092 5141 suis
1112 5093 1176 5140 61611
1193 5105 1337 5141 concurrere
1357 5093 1466 5153 campis,

631 5181 697 5229 hunc
715 5181 801 5229 eadem
820 5180 925 5241 petiisse
943 5180 1042 5240 lugam,
1063 5193 1119 5227 cum
1139 5180 1263 5226 maximus
1281 5179 1365 5227 hostes

631 5268 741 5316 fudisset
759 5267 861 5315 modicis
878 5268 955 5314 victor
974 5267 1112 5314 Beliearius
1130 5267 1213 5315 armis.

219 5371 242 5404 s.
264 5354 313 5405 313
337 5369 381 5419 pro
405 5357 475 5403 inani
499 5355 591 5403 codicis
614 5355 721 5402 lectione
749 5353 863 5401 ‘mediis'
887 5353 1056 5401 Mommsenus
1085 5347 1214 5400 ‘modicis'
1238 5352 1359 5400 restituit.
1399 5351 1502 5400 Duobus
1524 5353 1592 5400 anim
1613 5351 1716 5400 milibus
1734 5352 1843 5401 militum

220 5443 347 5491 victoriam
372 5443 436 5491 hanc
459 5447 597 5504 mpcrtasse
622 5441 771 5488 belisarium
794 5439 929 5500 Procopius
952 5441 978 5488 b.
999 5439 1081 5487 Vand.
1102 5439 1126 5486 Π
1148 5436 1178 5487 15
1201 5443 1319 5486 testatur.
1364 5437 1480 5486 (letarum
1505 5437 1681 5486 blembreasam
1704 5439 1792 5486 urbem
1815 5441 1844 5488 ln

221 5529 345 5588 Bagradas
367 5531 422 5590 ripa
445 5530 550 5590 positam
569 5541 602 5575 m.
623 5542 648 5589 p.
671 5528 689 5574 L
714 5526 896 5585 acarthagine
918 5527 1012 5573 6161666
1037 5527 1102 5574 idem
1121 5526 1253 5586 Procopius
1277 5525 1362 5574 tradit.
1401 5524 1450 5572 Cui
1468 5538 1524 5573 cum
1543 5531 1568 5572 61
1585 5525 1745 5573 itinerarium
1763 5527 1844 5574 Anto-

221 5617 275 5664 nlnl
293 5630 318 5677 p.
339 5615 381 5674 15,
404 5615 470 5664 2-5
488 5615 528 5662 W.
549 5620 575 5662 61
593 5613 652 5662 Tab.
674 5614 747 5661 Peut.
768 5614 954 5671 assentiantur,
974 5613 1018 5659 ubl
1039 5609 1192 5660 Membressa
1210 5613 1258 5659 alta
1276 5612 1367 5670 luerit,
1387 5611 1496 5658 dubitari
1515 5612 1611 5673 nequit.
1651 5611 1781 5673 Reliquiae
1799 5625 1844 5676 cp-

219 5702 271 5764 pidl
289 5715 356 5750 nunc
375 5701 473 5760 Medjez
492 5701 515 5748 el
533 5701 585 5748 Bab
605 5707 732 5749 vocantur.
771 5699 865 5748 (161616
884 5698 984 5757 voyage
1003 5699 1070 5746 arch.
1092 5697 1154 5746 dans
1172 5698 1195 5744 la
1214 5697 1318 5756 regense
1337 5697 1367 5744 de
1386 5697 1466 5744 Tanis
1484 5697 1508 5743 ll
1527 5712 1552 5760 p.
1576 5695 1718 5746 tlt-176.
