4462 6436
1180 422 1328 478 CORIPPI

821 612 1008 698 imperium,
1034 611 1226 695 Christoque
1249 633 1369 680 vovens
1391 633 1451 680 sua
1472 619 1547 680 vota
1568 612 1694 678 dioarat

823 735 914 782 mens
936 717 1100 800 Augusta,
1126 735 1215 796 reor,
1240 715 1305 781 iam
1328 736 1391 782 non
1413 717 1528 801 ignara
1550 716 1668 794 iuturi;

823 825 880 886 aut
900 817 1005 902 magis
1026 818 1176 902 ignamm
1197 825 1284 884 reoto
1308 819 1389 886 deus
1412 818 1523 885 ordine
1547 819 1640 884 duxit

822 927 898 986 ante
920 919 1115 1004 futurorum,
1142 941 1239 1004 quam
1262 929 1354 1004 sunt,
1379 943 1499 988 aroana
1520 924 1673 989 honorum

823 1023 975 1109 auspiciis
998 1042 1125 1090 sacrare
1147 1023 1221 1109 piis.
1269 1025 1439 1092 Theodora
1461 1026 1611 1109 regebat,

823 1133 965 1211 tempore
988 1146 1051 1211 quo
1074 1145 1199 1192 sacram
1221 1125 1371 1193 fundavit
1394 1128 1538 1194 eonditor
1559 1147 1687 1208 arcem,

823 1235 856 1295 et
878 1228 1018 1314 Sophiae
1041 1249 1158 1295 nomen
1180 1231 1322 1296 nondum
1345 1232 1509 1315 regnantis
1532 1230 1652 1296 habere

823 1351 881 1396 arx
903 1331 1034 1398 meruit:
1062 1331 1180 1417 sceptri
1203 1331 1331 1399 fuerant
1352 1353 1392 1398 ea
1414 1334 1510 1417 signa
1532 1333 1641 1399 futuri.

822 1434 938 1518 ingens
960 1434 1165 1518 mysterium,
1192 1455 1311 1519 magna
1333 1437 1418 1520 quod
1440 1437 1524 1502 mole
1547 1435 1685 1516 latebat,

823 1536 1000 1622 perfeetum
1022 1537 1176 1622 patefecit
1196 1558 1289 1624 opus.
1335 1539 1389 1604 via
1411 1539 1521 1605 lueida
1542 1538 1660 1604 nostris

822 1659 907 1705 nuno
928 1639 1015 1705 faeta
1037 1648 1088 1706 est
1107 1641 1221 1706 oeulis.
1267 1641 1442 1708 manifesta
1463 1642 1535 1707 luoe
1557 1641 1707 1706 videmus

823 1742 900 1808 olim
922 1743 1115 1828 promissum
1137 1744 1270 1810 caelesti
1292 1765 1425 1811 munere
1446 1764 1582 1828 regnum

822 1845 945 1910 Iustino
968 1845 1174 1930 Sophiaeque
1196 1846 1276 1932 piis,
1303 1846 1489 1932 patuitque,
1515 1846 1601 1931 quod
1624 1853 1700 1912 ante

822 1949 967 2015 clausum
990 1956 1077 2032 erat,
1104 1957 1137 2015 et
1157 1950 1256 2015 nullis
1278 1952 1426 2016 velamen
1449 1951 1572 2017 visibus
1595 1950 1712 2014 obstat.

822 2071 889 2116 rem
912 2051 1033 2136 Sophia
1055 2050 1187 2136 dignam
1210 2059 1296 2119 serto
1318 2053 1478 2138 sapientia
1501 2053 1589 2119 feeit.

822 2154 960 2220 instituit
982 2156 1165 2240 pulohrum,
1191 2155 1346 2222 solidavit
1368 2157 1479 2223 robore
1501 2157 1675 2241 templum,

823 2259 941 2343 eoepit,
967 2258 1103 2343 perfecit
1124 2257 1281 2344 donisque
1303 2260 1432 2326 ornavit
1453 2267 1485 2326 et
1505 2261 1607 2326 auxit.

775 2443 778 2456 ¹
822 2360 888 2426 iam
911 2361 1127 2427 Salomouiaoi
1150 2362 1246 2428 sileat
1268 2363 1438 2448 desoriptio
1461 2363 1584 2448 templi,

823 2463 940 2529 oedant
962 2471 1146 2531 onustorum
1168 2465 1324 2532 miraeula
1345 2473 1420 2532 nota
1442 2467 1596 2533 looorum.

821 2566 935 2633 inolita
955 2568 1156 2652 praeolarum
1179 2569 1242 2634 duo
1265 2576 1340 2636 sunt
1360 2568 1521 2635 imitantia
1543 2569 1685 2650 eaelum,

822 2669 954 2735 oonsilio
976 2670 1112 2738 fundata
1134 2671 1205 2754 dei,
1232 2673 1418 2739 venerabile
1440 2673 1596 2758 templum

822 2780 855 2839 et
876 2773 1111 2859 Sophianamm
1134 2776 1338 2860 splendentia
1360 2783 1445 2842 teuta
1467 2797 1630 2842 novamm.
1719 2791 1721 2796 '

821 2877 977 2962 prinoipis
999 2877 1098 2959 haee,
1124 2879 1207 2944 haee
1227 2880 1305 2944 aula
1327 2878 1391 2946 dei.
1440 2879 1520 2946 deus
1543 2879 1626 2945 illud
1648 2885 1816 2962 utrumqne

821 2979 1013 3063 glorifieavit
1034 3000 1131 3065 opus,
1158 2983 1217 3048 sed
1239 2983 1417 3049 maiestatis
1439 2982 1559 3049 honore

821 3082 895 3167 plns
916 3083 1071 3168 templum
1093 3084 1222 3149 terroris
1243 3083 1351 3151 habet.
1399 3105 1537 3169 namque
1560 3085 1606 3149 ihi
1629 3085 1795 3169 probatur,

821 3205 917 3269 qnam
940 3185 982 3250 sit
1003 3186 1121 3269 ubique
1144 3187 1225 3253 deus
1246 3207 1417 3272 praesens,
1443 3189 1539 3254 simul
1561 3188 1668 3252 omnia
1690 3187 1854 3271 conplens.

819 3288 955 3354 internis
976 3289 1079 3354 oeulis
1100 3289 1168 3355 illio
1191 3289 1245 3375 pia
1267 3292 1408 3358 cernitur
1429 3311 1502 3358 esse

820 3390 961 3457 indivisa
982 3411 1117 3458 manens
1139 3393 1240 3477 patris
1262 3395 1428 3477 genitique
1450 3401 1595 3480 potestas

823 3494 956 3579 spiritus
978 3502 1011 3561 et
1032 3503 1173 3562 sanetus.
1222 3498 1402 3564 substantia
1424 3497 1566 3564 creditur
1587 3519 1670 3580 ona,

822 3605 888 3662 tres
910 3605 985 3662 sunt
1006 3618 1173 3682 personae.
1221 3601 1402 3666 subsistite!
1428 3601 1561 3666 nomina
1584 3601 1720 3683 fulgent.

822 3708 920 3784 utque
942 3707 1035 3785 pater
1055 3700 1136 3767 deus
1158 3708 1225 3786 est,
1251 3703 1379 3786 genitus
1403 3703 1483 3770 deus
1505 3723 1628 3788 aequus
1651 3703 1791 3784 honore,

823 3803 955 3888 spiritus
977 3811 1009 3870 et
1031 3812 1161 3870 sanetus
1182 3805 1303 3890 pariter
1324 3807 1415 3872 deus.
1463 3806 1628 3872 extribus
1652 3827 1715 3872 uua

823 3926 841 3971 e
864 3907 954 3973 eaelo
976 3907 1109 3974 veniens
1132 3909 1244 3974 mundi
1266 3929 1403 3995 persono
1426 3910 1620 3995 redemptrix

823 4009 954 4075 humani
977 4011 1107 4094 generis
1130 4010 1264 4078 formam
1288 4013 1329 4078 de
1352 4014 1476 4097 virgine
1499 4014 1646 4098 sumpsit.

824 4121 936 4197 sponte
959 4133 1019 4179 sna
1040 4114 1145 4196 venit,
1171 4115 1336 4198 fautorque
1358 4123 1391 4182 et
1412 4117 1555 4182 eonditor
1577 4117 1663 4183 orbis

824 4217 928 4282 faetus
951 4217 1044 4282 homo
1067 4224 1133 4300 est,
1159 4238 1319 4303 verusque
1342 4219 1422 4286 deus
1445 4241 1507 4285 non
1530 4220 1654 4285 destitit
1676 4237 1759 4284 esse.
1857 4309 1858 4312 Ἴ

823 4328 934 4404 natus,
962 4341 1023 4386 non
1046 4321 1169 4405 faetus,
1195 4321 1327 4408 plenum
1350 4322 1392 4389 de
1414 4323 1535 4388 lumine
1558 4324 1685 4404 lumen,
1859 4313 1866 4332 Χ

824 4444 888 4500 una
908 4425 943 4488 in
964 4425 1087 4491 naturis
1110 4432 1225 4491 extans
1247 4445 1385 4510 persona
1407 4425 1549 4508 duabus,

823 4527 1000 4594 consimilis
1021 4526 1142 4592 deitate
1164 4527 1283 4612 patris,
1310 4526 1495 4612 hominique
1517 4529 1660 4613 proiecto

715 4656 726 4695 s
824 4630 1019 4712 consimilis,
1046 4631 1116 4696 sine
1138 4637 1271 4714 peceato
1294 4637 1427 4715 peooata
1449 4631 1618 4712 relaxans,

823 4734 962 4822 plurima
984 4753 1042 4819 per
1063 4733 1215 4819 populum
1238 4733 1361 4801 faeieus
1383 4734 1539 4801 miraoula
1562 4734 1720 4800 Christus.

510 4983 559 5031 266
578 4985 674 5032 nobaus
694 4987 705 5030 1
726 4998 771 5042 m.,
791 4994 889 5031 nouens
908 4980 923 5025 2
942 4993 975 5028 m.
998 4977 1033 5038 M,
1053 4978 1143 5026 uolens
1163 4979 1238 5040 Fopq.
1345 4977 1394 5027 267
1413 4979 1461 5026 lam
1480 4976 1539 5027 odd.
1561 4981 1622 5026 im.
1644 4977 1672 5024 M
1774 4976 1825 5026 268
1842 4979 1955 5040 ignaram
1975 4979 2035 5031 llio.

436 5071 514 5118 duxit
536 5070 614 5117 Vonet
632 5069 702 5129 Speo.
725 5070 765 5130 31,
786 5069 857 5116 ducit
875 5063 903 5112 M
1024 5063 1074 5114 269
1092 5079 1168 5126 quam
1186 5065 1301 5114 dubitaris
1320 5065 1402 5125 Joeo„
1421 5078 1485 5126 qnae
1505 5062 1533 5109 M
1635 5069 1696 5112 suut
1716 5063 1751 5122 M,
1771 5065 1824 5112 sint
1845 5065 1926 5114 venet
1944 5065 2018 5127 Spes.
2042 5071 2074 5116 13

436 5155 486 5204 270
505 5154 647 5203 teodoraM
734 5153 779 5203 iil
803 5149 960 5201 inndabltM
1047 5149 1096 5199 273
1115 5149 1196 5197 arsM
1282 5149 1332 5200 288
1351 5150 1420 5210 bueo,
1441 5151 1501 5198 haee
1516 5149 1600 5210 Betria,
1621 5155 1660 5198 est
1672 5150 1732 5197 haee
1746 5149 1780 5209 M,
1801 5141 2081 5212 aulantqnsoelbaee'

436 5242 650 5303 atqueaotasdes
665 5243 739 5302 sopp.
838 5237 888 5288 289
906 5235 1095 5298 gloritloabitM
1191 5235 1241 5286 290
1259 5238 1417 5298 nsmqneibi
1431 5235 1466 5296 M,
1481 5236 1637 5296 ibiuamque
1651 5234 1773 5284 Mearsios
1787 5235 1848 5286 Orit.
1864 5236 1956 5286 Aruoh.
1974 5239 1990 5283 1
1996 5239 2016 5285 V
2030 5243 2072 5300 16,

437 5327 737 5389 namqueindeDempst.
810 5322 858 5373 291
873 5337 948 5386 qnam
958 5322 1029 5383 Rois,
1044 5335 1123 5384 quum
1134 5320 1170 5382 M,
1184 5322 1337 5383 quodFopy.
1412 5321 1461 5370 294
1475 5322 1641 5382 sanstil'oqq.
1715 5321 1765 5370 295
1778 5323 1910 5370 subsistite
1921 5323 2071 5386 Mommsen,

436 5415 586 5462 subsistitur
598 5411 634 5473 M,
654 5412 798 5460 subsistunt
816 5409 880 5458 Rata
983 5422 1099 5456 uersuum
1118 5409 1167 5455 294
1185 5414 1208 5454 et
1226 5410 1276 5456 296
1293 5409 1406 5469 portibus
1421 5407 1597 5468 posterioribus
1615 5409 1770 5469 trompoar'tis
1788 5410 1823 5454 itu
1841 5408 1923 5456 iocum
1941 5413 2075 5458 oomtitnit

443 5499 523 5548 Vonolt
542 5498 611 5560 Spes.
632 5499 682 5545 ³9:
707 5497 811 5558 spiritns
836 5500 862 5543 et
879 5499 981 5543 sanstus
999 5495 1130 5554 subsistit,
1157 5495 1262 5541 numine
1282 5494 1369 5553 fulget.
1409 5499 1459 5541 tres
1477 5498 1538 5540 stunt
1556 5505 1690 5554 personae,
1716 5493 1857 5542 substantia
1882 5494 1997 5543 ereditur
2022 5510 2074 5544 trun

437 5583 488 5634 296
506 5591 585 5644 utque
603 5589 672 5644 puter
691 5591 730 5631 est
748 5583 851 5642 genitus
870 5579 932 5629 deus
951 5579 1027 5627 heons
1047 5578 1074 5626 M
1186 5578 1237 5629 298
1255 5580 1390 5628 redemtrirr
1411 5578 1437 5624 M
1553 5576 1603 5626 299
1621 5581 1713 5626 sumsit
1732 5577 1759 5624 M
1870 5577 1921 5628 000
1941 5583 2017 5629 uenit
2037 5581 2074 5644 M,

437 5685 512 5719 uerna
537 5668 694 5718 VooctLeet.
710 5669 742 5716 37
847 5665 897 5715 904
916 5669 1003 5729 patris,
1024 5665 1170 5726 hominique
1195 5666 1351 5715 Vonolrlaeot.
1368 5668 1410 5726 ³7,
1431 5668 1510 5727 patris
1528 5667 1648 5728 omnique
1668 5665 1703 5724 M,
1724 5668 1799 5726 patri,
1820 5665 1969 5726 hominique
1991 5668 2072 5728 Foqq.

437 5755 488 5805 606
505 5756 590 5818 polum
611 5758 623 5800 1
642 5769 687 5816 us„
708 5753 830 5816 populum
849 5755 865 5800 2
882 5767 917 5800 m.
938 5751 967 5799 M
