4508 6434
1155 390 1303 446 CORIPPI

802 581 1014 668 praesidium,
1037 587 1236 668 mortemque
1258 580 1381 646 alterne
1404 581 1505 646 Marte
1527 581 1677 648 minatur.

801 705 896 768 quem
919 685 1066 768 fugiantr
1106 671 1173 766 ipra
1196 690 1286 768 parte
1310 683 1449 749 eadunt?
1478 684 1674 769 praedantur
1695 683 1824 765 ubique.

800 795 906 854 terror.
925 787 1043 870 ubique
1067 787 1154 852 uiris.
1203 806 1318 852 saevas
1340 787 1387 851 sie
1409 794 1476 852 totu
1498 807 1555 871 per
1575 787 1652 852 illas

802 890 944 954 maxima
964 897 1119 955 terrarum
1143 895 1193 955 est
1214 889 1316 972 Libye
1339 889 1462 956 nudata
1484 890 1630 975 rapinas,

805 1000 839 1058 nt
860 994 943 1078 perit
964 993 997 1057 in
1021 993 1127 1058 dubiis
1149 1012 1292 1078 puppes,
1319 993 1400 1074 heu,
1427 993 1586 1076 naufraga
1608 992 1723 1058 ventis.

804 1095 981 1160 Poenorum
1005 1095 1063 1160 bas
1086 1101 1195 1179 pestes
1218 1095 1311 1160 solito
1333 1096 1503 1161 miseratus
1525 1095 1646 1162 ademit

805 1218 890 1262 more
913 1197 986 1282 pius
1008 1197 1176 1282 princeps,
1202 1197 1289 1262 Afris
1312 1198 1434 1264 solacia
1456 1199 1551 1264 sessis

804 1320 930 1366 summa
951 1300 1075 1382 ferens,
1102 1300 1263 1382 victorque
1287 1300 1407 1364 malurn
1431 1300 1547 1367 deiecit
1570 1306 1737 1383 utrumque

805 1403 955 1468 Sidonios
976 1411 1085 1488 patres
1108 1402 1209 1468 titulis
1233 1401 1419 1468 melioribus
1441 1424 1574 1487 augens.

805 1514 912 1571 vestra
933 1525 1049 1571 manns
1070 1506 1205 1571 miseros
1227 1506 1338 1570 mortis
1361 1505 1402 1572 de
1425 1506 1572 1572 iaueibus
1594 1506 1689 1572 Altos

806 1609 937 1694 eripuit,
965 1607 1124 1692 fessisque
1147 1608 1258 1690 iugum
1281 1607 1410 1674 crudele
1433 1610 1576 1676 retraxit.

806 1712 918 1776 Alriea
940 1710 1079 1776 surrexit
1101 1711 1216 1776 vestris
1239 1719 1346 1776 ereata
1368 1712 1549 1797 triumphis.

806 1813 928 1898 gaudia
949 1820 1022 1898 post
1043 1814 1148 1878 luctus
1171 1821 1275 1879 terrae
1299 1814 1442 1880 donastis
1464 1816 1600 1882 amicae.

807 1917 882 1983 dum
905 1916 1050 2001 premitis
1072 1922 1203 1999 gentes,
1229 1923 1329 1982 totum
1353 1916 1429 1982 dum
1452 1918 1580 1983 vincitis
1603 1918 1730 1995 orbern,

805 2020 998 2084 intremuere
1022 2018 1081 2084 leri
1102 2026 1210 2084 vestra
1232 2018 1349 2085 virtute
1373 2021 1508 2086 subacti.

807 2123 987 2188 Maurorum
1010 2130 1086 2187 tune
1107 2122 1195 2188 bella
1218 2123 1334 2204 duces,
1359 2130 1435 2188 tune
1457 2124 1581 2209 proelia
1602 2124 1737 2208 quisque

807 2233 914 2292 vestra
935 2245 1075 2310 pavens,
1102 2225 1210 2291 alacer
1232 2226 1341 2291 frenos
1363 2233 1396 2292 et
1417 2227 1489 2292 iura
1511 2227 1649 2292 eneurrit

809 2329 961 2414 principis
984 2327 1066 2394 ultro
1088 2328 1166 2412 pati.
1213 2327 1330 2394 florens
1353 2329 1434 2394 haee
1456 2330 1579 2413 gaudia
1601 2330 1702 2395 sensit

809 2439 917 2497 nostra
940 2431 1050 2496 desem
1074 2430 1170 2496 tellus
1193 2431 1306 2516 plenos
1330 2431 1440 2497 lanata
1462 2453 1520 2516 per
1541 2451 1659 2514 annos,

809 2542 856 2617 et,
883 2533 1030 2618 quamvis
1053 2533 1173 2600 fuerint
1194 2534 1261 2600 fato
1283 2534 1424 2619 pellente
1447 2536 1602 2616 rebelles,

808 2645 884 2703 ante
906 2637 1010 2720 magis
1034 2635 1167 2720 eeeidit,
1193 2658 1290 2721 qnam
1312 2638 1465 2721 praedam
1488 2638 1632 2718 tolleret,
1658 2639 1771 2704 bostis.

808 2761 871 2806 non
893 2741 1009 2806 mentis
1032 2741 1196 2807 consensit
1217 2748 1293 2806 tune
1315 2740 1425 2806 Africa
1447 2741 1579 2807 bellum.

808 2851 840 2909 te
863 2837 1035 2927 vigilante,
1062 2849 1167 2928 pater,
1195 2844 1352 2927 spectavit
1373 2845 1524 2910 Leucada
1546 2864 1672 2929 pugnas

701 2972 713 3008 a
809 2947 1020 3030 virtutemque
1043 2953 1141 3011 tuam.
1190 2945 1404 3031 pinguescunt
1426 2947 1584 3030 sanguine
1607 2947 1729 3032 campi,

809 3050 936 3115 ossibus
958 3050 1144 3130 albescunt,
1171 3049 1328 3114 feriuntur
1349 3069 1476 3116 vomere
1499 3059 1592 3135 rapta

809 3173 849 3217 ex
871 3153 1013 3218 humenis
1036 3152 1143 3236 eapite
1163 3159 1196 3217 et
1219 3152 1324 3236 sparsi
1346 3172 1404 3237 per
1424 3153 1571 3236 gramina
1592 3154 1706 3218 trunei.

809 3275 886 3322 ense
907 3262 961 3320 tuo
984 3255 1106 3320 eunetis
1128 3260 1236 3320 notum
1260 3261 1310 3320 est
1332 3255 1410 3338 quid
1431 3256 1573 3339 gesseris
1594 3257 1653 3321 illo

810 3359 928 3440 Marte,
954 3357 1082 3423 favente
1106 3357 1178 3422 dee.
1225 3357 1323 3423 tantis
1346 3357 1474 3441 signare
1497 3359 1637 3443 tropaeis

810 3462 882 3545 quis
904 3461 1006 3546 potuit
1028 3465 1178 3544 cumpost
1222 3461 1359 3542 ornasti,
1390 3481 1524 3544 magne,
1550 3461 1705 3527 decorans

810 3573 843 3629 et
864 3563 1103 3629 Solomoniaeos
1125 3562 1247 3627 auxisti
1269 3583 1366 3647 saepe
1389 3564 1577 3648 triumphos.

809 3687 905 3751 asper
927 3675 959 3731 et
980 3667 1036 3731 ille
1060 3666 1160 3731 semel
1182 3666 1304 3731 bellum
1326 3667 1496 3750 temptavit
1515 3667 1637 3732 laudas

810 3769 951 3849 attulit,
978 3775 1053 3833 ante
1076 3773 1185 3834 tamen
1207 3788 1336 3853 eampos
1359 3790 1454 3852 quarn
1478 3769 1559 3836 vidit
1580 3777 1725 3855 apertus,

810 3881 843 3937 et
864 3872 978 3937 mediis
1000 3871 1131 3937 tremuit
1152 3873 1312 3939 Romanos
1335 3891 1460 3938 currere
1487 3873 1589 3939 siluis.

702 4001 714 4038 a
810 3982 843 4040 at
865 3975 987 4040 Stutias
1009 3993 1100 4039 orsus
1123 3981 1230 4040 nostru
1253 3974 1294 4040 de
1318 3982 1406 4060 parte
1430 3976 1585 4041 duellum.

812 4079 891 4144 haee
913 4079 1023 4159 nobis,
1051 4078 1131 4142 haee
1153 4077 1201 4142 ira
1223 4078 1293 4144 fuit.
1341 4078 1422 4143 haee
1444 4078 1556 4144 addita
1579 4081 1675 4145 rebus

812 4202 887 4247 eura
908 4180 1051 4246 nefanda
1072 4180 1148 4266 piis.
1194 4180 1316 4246 bellurn
1340 4181 1434 4247 civile
1457 4181 1583 4248 revixit.

812 4293 888 4350 tune
910 4285 1072 4367 Carthago
1096 4283 1182 4348 feras
1205 4283 1332 4369 dirupta
1355 4283 1483 4350 foedere
1507 4286 1645 4369 praedas

812 4388 913 4453 sensit
935 4395 967 4452 et
988 4385 1155 4452 infandum
1178 4407 1242 4450 non
1265 4407 1367 4468 aequo
1389 4387 1491 4452 Marte
1514 4388 1679 4472 periclum.

813 4491 871 4556 sed
893 4497 1001 4555 tamen
1024 4489 1075 4554 hie
1098 4489 1196 4554 eeleri
1218 4488 1363 4554 devictus
1386 4497 1528 4575 tempore
1550 4491 1658 4556 cessit.

811 4594 896 4658 hune
918 4591 1117 4656 Membressa
1139 4591 1206 4656 suis
1229 4591 1311 4657 vidit
1333 4611 1518 4658 concurrere
1541 4593 1680 4678 eampis,

812 4697 897 4761 hune
920 4695 1033 4760 eadem
1055 4694 1186 4779 petiisse
1209 4694 1338 4778 fugam,
1365 4715 1435 4760 eum
1460 4695 1618 4760 maximus
1640 4696 1751 4762 hostes

812 4799 949 4864 fudisset
970 4797 1106 4863 modieis
1129 4798 1230 4863 vietor
1252 4797 1429 4863 Belisarius
1449 4799 1559 4863 armis.

897 4908 928 4966 te
952 4921 1076 4985 quoque
1099 4920 1156 4984 per
1179 4899 1302 4965 medias
1324 4899 1404 4966 vidit
1426 4900 1566 4966 Victoria
1589 4920 1731 4985 pugnas,

666 5027 714 5067 rm
812 5005 902 5070 furtis
924 5011 958 5069 et
978 5003 1109 5087 irruptis
1132 5004 1304 5069 truneabas
1326 5003 1457 5088 agmina
1483 5003 1596 5069 eastris

446 5177 540 5240 ,275
559 5179 650 5239 Libyae
668 5177 750 5232 Mass.
852 5176 904 5227 276
922 5175 1057 5240 puppis?
1157 5173 1208 5225 218
1227 5177 1338 5225 montel*
1433 5177 1498 5227 230
1517 5175 1659 5227 aldorman
1763 5177 1812 5227 283
1830 5181 2059 5230 monstraretur

422 5261 473 5311 290
490 5264 578 5311 dureem
600 5265 620 5310 l'
724 5265 774 5314 292
793 5264 868 5328 preda
891 5264 912 5310 Τ
1014 5261 1065 5310 293
1082 5263 1154 5323 inops
1172 5267 1229 5310 unte
1248 5271 1308 5310 tune
1326 5261 1384 5311 add.
1406 5261 1496 5324 Muza,
1517 5277 1565 5310 non
1585 5265 1633 5310 lam
1653 5265 1802 5312 morttfleum
1821 5269 1903 5314 sensit
1920 5271 2060 5329 requirunt·

421 5349 455 5407 ef.
472 5333 530 5397 203.
546 5351 596 5396 300
701 5347 751 5398 294
770 5348 928 5412 rpettabltT
1031 5346 1081 5395 290
1099 5349 1199 5396 ruttu'P
1304 5347 1352 5396 297
1372 5348 1496 5410 sparsaT
1600 5348 1650 5398 299
1670 5350 1790 5398 martel*
1892 5352 1942 5402 300
1960 5357 2059 5404 ornasti

422 5449 510 5494 ungue
529 5435 646 5483 devorans
668 5434 697 5496 T,
718 5437 811 5484 ornasti
829 5448 917 5495 magun
936 5433 1054 5481 decorans
1073 5435 1139 5494 ueta,
1160 5441 1186 5482 et
1203 5448 1290 5494 magno
1308 5448 1394 5482 ornare
1411 5435 1497 5482 decora
1515 5437 1612 5495 scripsit
1632 5435 1708 5485 Mum.
1840 5435 1890 5486 302
1909 5441 1994 5501 ssplae
2014 5442 2060 5488 ille

421 5521 502 5568 semul
518 5519 538 5566 Τ
641 5521 713 5569 iudas
730 5521 751 5568 Τ
855 5519 904 5569 305
924 5521 1015 5567 stutias
1029 5534 1099 5568 orsus
1114 5520 1143 5579 Τ,
1164 5522 1258 5568 sautius
1271 5534 1341 5567 orsus
1353 5521 1420 5581 teuit,
1440 5522 1520 5568 sensit
1532 5534 1632 5582 prorsus
1645 5523 1740 5581 arripuit
1754 5521 1831 5571 Muza.
1938 5523 1988 5572 3οῖ
2010 5540 2059 5573 ue·

420 5605 526 5653 laudii*
625 5607 674 5654 :tos
694 5610 758 5656 lerna
774 5608 800 5666 Τ,
821 5608 887 5654 larus
905 5606 964 5665 lesit
978 5604 1055 5653 Mara.
1163 5605 1212 5654 309
1231 5619 1295 5667 eque
1313 5606 1334 5652 Τ
1436 5604 1486 5652 310
1504 5607 1547 5653 sed
1567 5613 1649 5654 tamen
1671 5607 1711 5654 lule
1732 5607 1756 5666 T,
1779 5607 1875 5655 Stutlrs
1892 5608 1952 5656 blne
1975 5611 2058 5664 tlara.

419 5690 467 5740 312
487 5692 595 5738 nunnT
700 5691 749 5740 313
769 5693 875 5740 modieis
894 5691 1039 5750 Mommsen,
1059 5693 1149 5739 madiis
1170 5693 1190 5739 T
1293 5690 1488 5740 libelisurlusT
1590 5691 1640 5739 315
1657 5693 1798 5752 ngmluaT
