4576 6428
452 426 493 487 56
1171 420 1349 476 HISTORIA

451 632 535 677 nnnc
557 618 761 697 superessent
776 611 828 676 vel
850 611 898 676 eis
920 610 980 675 fari
996 610 1036 676 de
1058 610 1177 675 talibus
1199 610 1294 675 rebus
1317 610 1470 688 licuisset,
1497 616 1529 674 et
1543 608 1714 673 Tullianae
1730 608 1930 691 eloquentiae
1951 604 2070 671 fluvius

451 714 624 779 siccaretur
652 721 684 780 et
711 714 883 780 Sallustius
913 713 1052 797 elinguis
1080 712 1270 778 omnimodis
1299 719 1505 778 remaneret..
1535 711 1592 792 Et,
1626 719 1661 776 ιιι
1690 711 1813 776 alienos
1843 710 1995 792 indignos
2024 709 2070 774 rei

450 823 559 882 tantae
587 825 803 901 praeteream,
837 817 864 881 si
888 815 1108 882 Caesariensis
1137 824 1283 899 surgeret
1303 815 1462 881 Eusebius
1484 814 1527 879 ad
1556 814 1615 879 boc
1637 834 1716 899 opus
1737 813 1890 898 idoneus,
1922 821 1979 878 aut
2000 814 2070 878 eius

449 917 620 986 translator
642 920 786 986 Graecae
808 919 977 986 facundiae
1001 919 1189 1001 Latinisque
1209 917 1341 984 floribus
1364 917 1497 983 Rufinus
1518 925 1664 982 ornatus:
1698 924 1730 982 et
1751 917 1831 1001 quid
1852 917 1976 982 multat
2008 937 2071 981 non

450 1022 654 1106 Ambrosius,
688 1044 751 1089 non
772 1023 1001 1102 Hieronimns,
1030 1042 1090 1088 nec
1117 1023 1188 1107 ipse
1217 1029 1324 1088 noster
1347 1020 1509 1087 sufficeret
1529 1021 1741 1103 Augustinus.
1787 1020 1940 1086 Audite
1968 1019 2103 1084 baeer

451 1146 587 1191 omnes
609 1134 772 1210 gentes,
806 1126 976 1192 auribus
998 1126 1204 1212 percipite
1233 1145 1369 1191 omnes
1397 1124 1464 1207 qui
1493 1123 1701 1189 habitatis
1731 1125 1881 1206 orbem,
1915 1124 2069 1206 quique

384 1234 425 1298 62
450 1227 690 1312 terrigenae
720 1240 758 1296 et
786 1229 872 1295 filii
901 1229 1119 1311 hominurn,
1154 1228 1274 1295 simul
1296 1229 1337 1294 iu
1359 1248 1480 1294 nuum
1504 1227 1623 1294 dives
1645 1234 1685 1294 et
1705 1247 1870 1313 pauper.
1917 1227 2071 1293 Nonnulli

450 1332 504 1416 qui
532 1334 685 1399 barbaros
708 1334 843 1418 diligitis
871 1341 904 1398 et
925 1351 981 1399 eos
1009 1337 1042 1398 in
1065 1331 1360 1398 condemnationem
1382 1323 1521 1397 vestram
1544 1330 1718 1413 aliquando
1740 1331 1897 1414 laudatis,
1924 1332 2071 1397 discutite

450 1456 564 1501 nomeu
594 1444 626 1501 et
654 1437 834 1521 intellegite
863 1455 978 1500 mores.
1027 1434 1191 1518 Numquid
1220 1436 1285 1500 alio
1314 1437 1441 1521 proprio
1471 1436 1596 1501 nomine
1619 1434 1751 1500 vocitari
1778 1443 1924 1520 poterant
1951 1433 2014 1499 nisi
2037 1441 2072 1498 ut

450 1540 576 1605 barbari
605 1539 802 1622 dicerentur,
834 1538 1008 1605 ferocitatis
1038 1539 1166 1621 utique,
1200 1539 1399 1605 crudelitatis
1428 1547 1461 1604 et
1482 1537 1610 1604 terroris
1632 1538 1821 1605 vocabulum
1848 1538 2072 1623 possidentes?
2092 1561 2122 1600 ro

450 1642 536 1720 Quos
558 1643 824 1725 quantiscumque
846 1642 1031 1708 munoribus
1053 1641 1185 1726 foveris,
1219 1643 1484 1727 quantiscumque
1506 1641 1672 1709 delinieris
1695 1642 1875 1725 obsequiis,
1909 1642 1959 1707 illi
1980 1641 2072 1707 aliud

450 1745 596 1811 nesciunt
616 1745 679 1810 nisi
700 1745 845 1812 invidere
867 1746 1034 1811 Romanis:
1062 1753 1095 1812 et
1116 1753 1269 1829 quantum
1291 1747 1335 1812 ad
1357 1767 1466 1812 eorum
1489 1745 1613 1824 adtinet
1635 1746 1841 1829 voluntatem,
1867 1764 1994 1830 semper
2015 1765 2072 1809 eu-

450 1849 541 1933 piunt
571 1847 771 1933 splendorem
801 1857 835 1915 et
862 1869 965 1931 genus
994 1849 1128 1913 Romani
1157 1849 1294 1914 nominis
1323 1851 1477 1916 nebulare
1505 1869 1565 1916 neo
1587 1849 1689 1914 ullum
1710 1851 1923 1916 Romanorum
1945 1849 2072 1914 omuino

450 1952 634 2018 desiderant
650 1953 768 2018 vivere.
808 1954 849 2018 Et
871 1953 926 2018 ubi
948 1952 1055 2018 adhuc
1076 1959 1248 2019 noscuntur
1269 1973 1399 2038 parcere
1422 1952 1586 2034 subiectis,
1612 1953 1654 2018 ad
1670 1952 1823 2018 utendum
1839 1952 1977 2019 servitiis
1998 1951 2072 2016 illo-

383 2063 424 2124 63
451 2076 520 2122 rum
543 2063 692 2141 parcunt,
726 2077 800 2122 nam
823 2056 946 2122 nullum
969 2055 1151 2121 dilexerunt
1171 2056 1345 2138 aliquando
1369 2058 1557 2123 Romanum.
1605 2055 1640 2121 si
1662 2055 1826 2142 disputare
1847 2056 2008 2121 nitebatur
2030 2055 2071 2120 de
2092 2078 2122 2117 rc

449 2157 514 2225 lide
542 2159 706 2224 nobiscum
734 2160 871 2225 barbara
899 2158 1064 2242 ferocitas,
1097 2166 1130 2224 et
1158 2158 1302 2224 haeresis
1324 2159 1460 2226 Arriana
1488 2158 1719 2226 rationabiliter
1749 2159 1927 2244 disputaret
1948 2196 1991 2205 —
2012 2159 2071 2224 sed

450 2262 577 2344 quando
598 2261 703 2328 tenuit
725 2261 897 2344 rationem,
923 2281 1006 2346 quae
1028 2283 1049 2326 a
1070 2268 1161 2347 patre
1184 2262 1244 2327 deo
1268 2261 1363 2327 deum
1391 2262 1492 2328 lilium
1515 2269 1644 2347 separat
1672 2263 1887 2328 salvatorem?
1907 2300 1951 2330 -,
1972 2281 2070 2346 quare

450 2366 534 2432 dolis
555 2373 587 2431 et
609 2365 780 2431 calumniis
801 2373 945 2449 egerunt,
973 2373 1005 2432 et
1019 2366 1107 2432 velut
1129 2365 1259 2450 spiritus
1281 2365 1482 2450 tempestatis
1505 2366 1646 2451 procella
1669 2365 1718 2431 sui
1740 2365 1855 2432 suroris
1877 2372 1977 2432 totum
1993 2366 2071 2431 sub-

451 2476 575 2535 vertere
598 2469 787 2534 voluerunt?
831 2469 866 2534 Si
882 2469 1056 2554 disputatio
1078 2469 1262 2536 necessaria
1284 2469 1390 2535 fuerat
1411 2469 1614 2555 episcopalis,
1640 2490 1738 2553 quare
1761 2470 1946 2555 suspendia,
1971 2489 2070 2553 quare

451 2571 555 2654 ignes,
581 2592 680 2656 (quare
702 2573 843 2656 ungulae
866 2573 961 2638 simul
985 2580 1018 2638 ct
1039 2577 1171 2638 eruceri
1214 2593 1311 2657 qnare
1330 2573 1535 2638 Arrianorum
1558 2572 1741 2658 serpentina
1763 2575 1868 2658 proles
1891 2581 1999 2639 contra
2020 2573 2071 2638 iu·
2090 2593 2121 2635 ao

451 2683 602 2742 nocentes
617 2696 738 2760 genera
758 2675 838 2742 talia
859 2683 1084 2742 tormentorum
1106 2675 1237 2757 invenit,
1264 2676 1374 2758 qualia
1388 2696 1447 2741 nec
1468 2676 1538 2760 ipse
1554 2675 1730 2741 Mezentius
1746 2676 1939 2760 exquisivit?
1968 2676 2072 2742 Dimi-

453 2780 538 2844 cavit
559 2786 667 2845 contra
689 2779 902 2846 innocentiam
925 2779 1085 2865 cupiditas
1107 2778 1222 2844 furoris
1238 2787 1271 2845 et
1285 2779 1422 2845 avaritia
1444 2779 1653 2861 crudelitatis,
1680 2786 1714 2845 ut
1732 2786 1765 2845 et
1779 2779 1902 2846 animas
1924 2779 2073 2864 perderet

453 2890 485 2948 et
507 2881 718 2948 substantiam
740 2890 921 2968 arpagaret.
969 2882 1006 2948 Si
1034 2882 1170 2949 conlatio
1201 2881 1460 2964 desiderabatur,
1492 2902 1592 2965 qnare
1613 2881 1745 2966 rapinae
1767 2902 1873 2948 rernm
1894 2882 2070 2948 alienarum

453 3006 515 3051 non
536 2992 659 3051 tautum
681 2985 892 3068 sacerdotum,
918 3005 1027 3051 verum
1043 2985 1140 3052 etiam
1155 2985 1294 3050 omnium
1317 2985 1493 3051 laicorum?
1537 2985 1602 3052 Sed
1623 2984 1672 3050 illi
1694 2985 1846 3071 expoliati
1868 2985 1979 3052 laetati
1998 2993 2072 3051 sunt

453 3096 485 3154 et
507 3088 652 3173 rapinam
675 3108 779 3154 rernm
802 3079 931 3154 suarum
954 3108 1026 3154 cum
1048 3087 1167 3173 gaudio
1190 3097 1407 3174 susceperunt.
2091 3112 2123 3154 aa

386 3219 428 3280 64
539 3208 630 3273 XIX.
656 3207 751 3274 Adsit
772 3209 836 3274 iam
858 3229 978 3295 quaeso
1000 3209 1104 3276 omnis
1126 3216 1227 3291 aetas,
1253 3209 1355 3274 omnis
1377 3227 1475 3274 sexus
1497 3208 1663 3291 omnisque
1685 3207 1841 3275 condicio:
1876 3209 1979 3291 adsit,
2013 3209 2072 3274 ob-

454 3331 560 3393 secro,
593 3311 695 3377 omnis
724 3311 817 3377 turba
846 3311 996 3378 eatbolici
1017 3312 1172 3395 nominis,
1205 3331 1287 3395 quae
1309 3312 1431 3395 gremio
1453 3317 1596 3376 materno
1618 3318 1683 3376 toto
1704 3313 1780 3378 orbe
1802 3319 1963 3396 gestatur,
1995 3313 2071 3395 quia

454 3415 524 3480 sola
544 3434 732 3498 germanum
754 3415 953 3481 commodare
975 3416 1063 3482 novit
1077 3415 1250 3497 adfectum,
1276 3435 1358 3499 quae
1372 3413 1488 3482 didicit
1501 3436 1522 3479 a
1536 3414 1637 3480 Paulo
1651 3415 1804 3498 magistro
1826 3425 1865 3483 et
1886 3415 2072 3500 gauden-

454 3518 568 3583 tibus
590 3517 821 3584 conlaetari
845 3525 990 3585 etcum
1013 3519 1259 3602 lugentibus
1282 3517 1518 3584 lamentari:
1546 3518 1737 3584 conveniant
1758 3518 1852 3586 simul
1875 3520 1918 3586 ad
1941 3521 2070 3587 domum

454 3621 552 3687 nostri
575 3621 695 3688 doloris
717 3629 749 3686 et
777 3621 909 3706 paribus
936 3621 1036 3686 oculis
1069 3620 1240 3687 fundamus
1269 3621 1400 3686 flumina
1428 3620 1649 3703 lacrimarum,
1686 3622 1762 3706 quia
1790 3643 1908 3692 causae
1936 3631 1969 3690 et
1996 3623 2073 3690 fidei
2093 3647 2124 3687 oo

387 3736 429 3797 65
455 3731 582 3791 nostrae
612 3745 710 3790 unum
739 3732 788 3790 est
816 3725 989 3808 negotium.
1038 3724 1171 3790 Nullum
1200 3725 1274 3791 volo
1303 3725 1346 3791 ad
1375 3724 1606 3791 condolendum
1634 3745 1758 3792 mecum
1781 3727 1976 3794 haereticum
1998 3747 2074 3794 con-

455 3829 581 3909 venire,
614 3827 669 3909 qni
698 3827 777 3892 forte
807 3826 927 3894 addere
956 3826 1152 3911 concupiscit
1181 3847 1278 3913 super
1305 3827 1445 3894 dolorem
1468 3828 1635 3895 vulnerum
1664 3849 1805 3895 meorum
1835 3838 1868 3898 et
1895 3832 2074 3916 gratulatur

455 3930 571 3997 cotidie
594 3931 688 3996 malis
710 3929 802 3995 meis.
848 3931 943 4012 Nolo,
969 3931 1042 3995 nolo
1065 3949 1125 4014 ego
1148 3938 1351 4012 exuaneum,
1378 3931 1435 3997 sed
1458 3930 1632 3996 fraternum
1654 3951 1772 4016 quaero
1794 3933 1974 4018 adfectum,
2000 3936 2073 4000 nolo

454 4032 590 4099 filiorum
612 4031 800 4113 alienorum,
826 4051 960 4114 quorum
982 4053 1017 4099 os
1040 4033 1178 4099 locutum
1201 4041 1251 4100 est
1265 4034 1449 4117 vanitatem,
1475 4041 1507 4100 et
1522 4033 1655 4101 dextera
1677 4054 1785 4101 eorum
1801 4036 1934 4104 dextera
1954 4038 2074 4122 iniqui-

525 4227 549 4288 t)
569 4223 642 4278 Psal.
664 4225 705 4286 48,
726 4223 797 4293 tuq.
901 4226 943 4288 28)
964 4224 1044 4279 Rom.
1066 4225 1107 4288 12,
1129 4226 1169 4276 15.

528 4520 634 4569 lrebus
652 4520 744 4568 talibus
762 4519 793 4582 R,
814 4520 888 4567 robus
906 4519 983 4567 uariis
1000 4520 1093 4568 talibus
1108 4534 1135 4581 p,
1155 4521 1230 4568 rebus
1247 4533 1296 4570 om.
1310 4519 1348 4568 ed.
1364 4519 1439 4568 Rota.
1547 4519 1702 4571 lsalustius
1721 4522 1759 4584 Lp
1863 4531 1889 4574 et
1906 4525 2040 4586 llrrgulslt

457 4607 638 4656 dceaariauala
656 4605 718 4668 de
820 4619 882 4667 opus
900 4617 949 4653 uon
967 4611 1035 4654 esset
1053 4606 1192 4668 idoneuap
1311 4605 1482 4655 iracundiae
1499 4607 1522 4653 B
1625 4609 1753 4670 lutlnaque
1775 4611 1799 4671 (ι’.
1814 4623 1835 4658 e.
1854 4593 2041 4672 latinaequelp

456 4691 625 4742 ordinatuaL
729 4690 956 4740 biberouimusb
1059 4691 1181 4752 egentes
1198 4690 1237 4753 Rp
1254 4696 1278 4740 et
1296 4690 1429 4740 Paulmiatu
1449 4693 1501 4754 (48,
1521 4696 1562 4753 Pi:
1589 4706 1638 4744 om.
1659 4693 1731 4742 BLV
1830 4710 1916 4744 omues
1933 4710 1982 4745 om.
2003 4695 2042 4758 Rp

458 4779 564 4828 idiuas
581 4778 672 4828 om,L
792 4778 1049 4839 Scorrdempuatione
1067 4777 1106 4839 up
1215 4784 1299 4827 nestra
1318 4778 1379 4840 Bltp
1490 4779 1610 4828 laudastis
1629 4779 1667 4840 Rp
1787 4783 1918 4845 ilproprio
1935 4797 1982 4832 om.
2003 4782 2042 4845 Rp

458 4866 568 4915 uocitare
585 4864 640 4924 BV,
660 4866 742 4913 uocari
758 4879 775 4926 p
880 4863 912 4913 to
930 4864 1066 4913 ferocitatis
1084 4866 1169 4925 ltaque
1187 4866 1336 4914 uocabulum
1354 4871 1381 4914 et
1398 4866 1551 4914 crudelitatis
1568 4871 1595 4913 et
1612 4869 1713 4916 terroris
1728 4883 1746 4928 p
1849 4869 2001 4930 possidentia
2020 4869 2043 4917 R

460 4952 487 5003 ll
509 4955 546 5002 illl
564 4957 648 5003 autem
665 4953 783 5001 nesciunt
800 4952 871 5001 alind
888 4967 906 5014 p
1046 4951 1076 5001 13
1095 4953 1213 5001 nebulare
1230 4955 1291 5001 maa':
1310 4953 1454 5001 obnubilare
1471 4953 1509 5002 cd.
1531 4952 1589 5003 Lor.
1610 4959 1633 5002 et
1650 4954 1722 5014 viduo
1855 4955 1886 5004 15
1904 4962 2008 5017 parcunt
2025 4971 2072 5006 οπι.

457 5039 529 5088 BLV
646 5041 746 5088 nullum
763 5040 860 5087 illorum
878 5037 900 5085 L
1014 5051 1140 5087 romanum
1159 5036 1245 5084 BBV:
1264 5050 1417 5086 romanorum
1435 5039 1472 5100 lp
1490 5045 1513 5088 et
1529 5041 1604 5100 culpo
1727 5041 1758 5089 16
1776 5043 1904 5090 nobiscum
1921 5043 1953 5091 de
1971 5043 2019 5091 ilde
2035 5043 2072 5092 ed.

458 5125 534 5178 uuio.
641 5126 737 5174 arrlaua
754 5125 842 5173 orrnV
947 5123 975 5174 lt
995 5126 1080 5172 tenuit
1095 5127 1159 5173 mei:
1178 5131 1249 5174 tenet
1265 5123 1303 5173 cd.
1320 5125 1396 5172 Baio.
1502 5122 1578 5191 quae]
1594 5125 1744 5189 quaudoltp
1850 5126 1881 5177 18
1899 5135 1991 5187 gerunt
2004 5129 2041 5190 Rp

459 5213 547 5260 luroris
565 5210 642 5259 suiV
749 5211 777 5260 19
795 5212 878 5259 iuerat
895 5211 1035 5260 necessaria
1048 5197 1078 5272 L,
1098 5210 1181 5258 iuerat
1197 5224 1276 5273 om.p
1380 5211 1583 5260 turturinum
1687 5214 1869 5275 sempiteruap
1973 5214 2002 5263 21
2023 5229 2077 5263 rne-

459 5297 603 5347 zientlusB
707 5294 739 5344 22
757 5295 983 5358 iurorlacuplditaa
995 5296 1034 5358 up
1137 5297 1244 5345 auaritia
1253 5297 1410 5346 crudelitatls
1421 5300 1469 5345 naci
1476 5312 1484 5342 :
1504 5299 1624 5346 auaritiae
1635 5298 1769 5346 crudelitas
1786 5299 1823 5347 cd.
1839 5299 1915 5350 Ruta.
2020 5303 2077 5348 ani-

395 5375 397 5378 ’
459 5401 523 5434 mam
541 5384 580 5447 Bp
702 5381 734 5432 23
752 5389 881 5444 arpagaret
898 5382 982 5430 BLV:
1001 5385 1121 5446 arriperet
1138 5382 1186 5446 Bp,
1206 5383 1351 5445 harpagaret
1367 5385 1443 5444 υιιιρο
1563 5383 1596 5432 26
1613 5386 1712 5433 obsecro
1728 5398 1776 5433 οηι.
1797 5384 1820 5431 L
1923 5385 1955 5434 21
1973 5393 2077 5449 paterno

459 5471 498 5534 llp
601 5471 660 5532 qula
678 5468 765 5517 Rau.-
783 5483 846 5530 quae
865 5468 903 5532 Lp
920 5475 943 5517 et
959 5469 1034 5529 culpo
1148 5468 1181 5518 28
1199 5470 1368 5519 commendare
1384 5485 1402 5531 p
1518 5469 1550 5519 29
1568 5471 1702 5518 lamentare
1722 5471 1767 5518 BL
1883 5471 1916 5521 311
1934 5475 2037 5521 iromiua
2055 5475 2077 5520 B

460 5563 527 5608 lm.
661 5555 690 5605 ³1
713 5570 808 5604 ruecum
827 5556 856 5603 ad
871 5555 1055 5604 corrdolendum
1072 5554 1111 5616 Rp
1222 5554 1629 5618 Ἰ32ιμιίι11,ιιιιιηιιιπσιιιιιι
1749 5559 1903 5618 concupiscit
1919 5559 2042 5621 adderep

459 5645 491 5694 33
510 5639 567 5708 ego]
584 5657 630 5704 ago
648 5655 697 5692 nou
715 5642 747 5700 R,
767 5655 816 5688 nou
835 5654 880 5700 ego
896 5657 914 5703 p
1015 5635 1117 5705 quaero]
1136 5639 1259 5703 baberep
1382 5642 1413 5690 tl
1433 5643 1538 5690 tiliorum
1558 5642 1642 5690 BliV:
1663 5644 1780 5692 al'lectum
1799 5645 1906 5693 illiorum
1922 5662 1947 5707 p,
1969 5649 2076 5708 aliquem

459 5733 565 5781 tiliorum
584 5730 605 5778 L
623 5734 645 5778 et
662 5731 737 5790 culpo
840 5727 928 5777 dextra
946 5741 1030 5776 eorum
1049 5727 1152 5776 dextera
1177 5727 1195 5774 V
