4508 6434
1172 427 1320 484 CORIPPI

822 617 995 702 permisere
1018 617 1120 702 loqui,
1147 618 1319 703 digitisque
1343 618 1471 685 silentia
1492 618 1614 701 linguis

822 721 1003 807 imposuere
1026 721 1104 788 suis.
1147 722 1247 799 docui
1268 729 1440 808 praecepta
1462 722 1602 788 iubentis

824 824 978 910 prinoipis
1000 832 1033 892 et
1054 845 1183 892 morem.
1231 827 1334 911 pietas
1359 833 1393 891 ut
1413 845 1533 908 magna
1554 825 1695 909 regentis

823 929 929 994 omnia
951 930 1127 1010 contineat,
1155 929 1264 995 erebro
1288 949 1434 996 sermone
1457 929 1592 995 enourri.
1643 995 1652 1008 ,

822 1031 971 1098 virtutem
992 1033 1180 1098 indomitam
1207 1033 1303 1099 mista
1325 1034 1467 1100 bonitate
1489 1032 1600 1099 refovi.

823 1153 922 1220 saepe
945 1135 1048 1200 minas
1070 1135 1212 1218 addens,
1239 1138 1398 1202 Romanos
1419 1156 1552 1223 parcere
1575 1135 1660 1217 dixi,

823 1237 882 1303 sed
903 1244 1011 1304 tamen
1033 1245 1065 1305 et
1086 1247 1201 1322 gentes
1224 1259 1350 1326 semper
1371 1241 1508 1324 fregisse
1531 1239 1687 1325 superbas

715 1364 727 1403 a
823 1341 967 1408 funditus
990 1349 1022 1409 et
1044 1343 1170 1409 validos
1193 1344 1279 1410 bello
1302 1344 1459 1429 pressisse
1480 1351 1651 1428 tyrannos,

824 1457 1030 1526 enumerans,
1057 1466 1138 1531 quos
1160 1449 1262 1513 Roma
1283 1455 1396 1533 potens
1418 1455 1553 1533 postque
1575 1447 1645 1532 ipse
1668 1446 1796 1529 subegit

823 1557 933 1616 noster
953 1551 994 1616 ab
1017 1557 1159 1616 extremo
1181 1558 1374 1636 temptantes
1397 1551 1519 1636 proelia
1541 1550 1660 1616 mundo

823 1653 982 1737 prinoeps.
1030 1655 1154 1720 assumi
1176 1655 1315 1737 bellum,
1342 1675 1518 1740 pacemque
1540 1673 1705 1720 recurrens

824 1755 956 1840 edocui,
982 1757 1175 1842 tandemque
1198 1757 1297 1823 silens
1318 1778 1473 1843 responsa
1495 1759 1604 1843 petivi.

823 1862 873 1927 illi
895 1862 977 1927 inter
999 1881 1070 1928 sese
1093 1861 1195 1928 fraoto
1218 1881 1363 1928 sermone
1385 1862 1529 1928 furentes

825 1965 959 2031 latratus
981 1965 1104 2048 varios,
1132 1966 1339 2032 stridentibus
1361 1966 1492 2032 horrida
1514 1965 1633 2050 linguis

825 2067 924 2134 verba
945 2068 1053 2134 ferunt
1074 2089 1210 2152 seseque
1232 2089 1314 2135 novo
1336 2076 1455 2136 terrore
1477 2070 1659 2148 revincunt,

823 2178 930 2237 monte
951 2171 1020 2257 lupi
1042 2171 1148 2238 medio
1170 2173 1288 2256 veluti,
1314 2193 1385 2238 eum
1408 2173 1519 2239 nubila
1541 2173 1616 2238 latis

824 2275 1010 2341 inoumbunt
1030 2276 1140 2357 terris,
1166 2276 1342 2343 ululatibus
1365 2284 1441 2342 adra
1464 2277 1583 2342 erebris

825 2380 955 2464 pulsant
976 2399 1096 2464 perque
1119 2398 1215 2444 oavas
1237 2387 1387 2446 resonant
1408 2380 1577 2446 latratibus
1601 2380 1740 2446 umbras.

826 2489 860 2549 ut
882 2482 1008 2566 requies
1030 2482 1117 2548 faeta
1138 2489 1188 2550 est
1209 2483 1342 2566 animis,
1368 2490 1443 2549 tuno
1465 2483 1522 2549 ille
1545 2484 1702 2569 superbus

824 2585 905 2652 talia
926 2586 1025 2652 verba
1047 2585 1124 2650 mihi
1147 2586 1240 2652 dietis
1263 2586 1427 2672 respondit
1449 2587 1584 2653 aeerbis.

830 2690 910 2756 ‘ista
931 2689 1009 2755 mihi
1031 2688 1110 2754 satis
1132 2679 1185 2754 est
1203 2690 1337 2756 Romani
1360 2691 1488 2774 cognita
1509 2690 1600 2774 regni

825 2813 928 2879 nuper
948 2799 1042 2877 rupta
1063 2792 1155 2858 fides.
1204 2794 1288 2860 nitra
1309 2814 1368 2860 nee
1394 2794 1509 2860 fallere
1532 2794 1700 2878 quisquam

827 2897 967 2962 Antalan
989 2916 1024 2963 se
1045 2917 1141 2982 posse
1162 2903 1264 2982 putet.
1311 2897 1376 2963 iam
1399 2897 1518 2963 suffieit
1539 2897 1625 2963 istud

827 3001 977 3067 Armenio
1000 3001 1130 3067 licuisse
1153 3002 1263 3067 semel.
1311 3019 1369 3066 vos
1391 3000 1487 3085 fingis
1509 3000 1629 3067 amieos

827 3111 895 3170 arte
918 3103 1008 3169 mihi.
1056 3124 1117 3169 non
1140 3109 1247 3169 vester
1269 3111 1378 3170 eram?
1422 3125 1484 3170 non
1508 3125 1605 3189 saepe
1629 3104 1775 3170 euourri'!

827 3228 890 3273 non
911 3207 1019 3272 iussus
1040 3207 1165 3273 meruit
1209 3214 1322 3273 cantus
1344 3228 1407 3273 non
1430 3207 1553 3293 proelia
1575 3209 1663 3292 gessi

828 3332 884 3396 pro
907 3310 1057 3392 duoibus‚
1085 3311 1244 3391 Romane,
1271 3311 1334 3377 tuis
1343 3317 1357 3374 't
1401 3331 1452 3377 res
1473 3312 1604 3398 publiea
1626 3320 1710 3379 oerte

720 3437 732 3476 a
828 3414 894 3480 fida
916 3414 994 3480 satis
1018 3413 1213 3498 sanguisque
1235 3421 1326 3498 tuus,
1354 3435 1522 3498 germane,
1549 3416 1686 3498 fatetur,
1732 3469 1733 3474 ,

830 3517 1013 3600 Guarizila,
1040 3517 1130 3583 dneis
1151 3518 1242 3583 iussu
1265 3519 1319 3601 qui
1342 3519 1433 3584 fusus
1455 3519 1557 3602 iniqui
1579 3527 1638 3586 est.

829 3620 1035 3705 Armeniique
1057 3621 1104 3686 tui
1127 3620 1234 3687 docuit
1255 3621 1332 3686 mihi
1353 3621 1479 3687 reddita
1505 3643 1646 3705 meroes,

830 3724 979 3809 frangere
1002 3725 1103 3808 quod,
1129 3724 1219 3789 nisus
1241 3731 1350 3790 nostra
1372 3725 1506 3804 virtute,
1533 3733 1704 3810 tyrannum

829 3827 999 3894 Guntarith
1023 3828 1074 3893 hio
1096 3829 1208 3913 potuit.
1255 3829 1327 3913 paoi
1350 3829 1394 3894 sio
1417 3827 1501 3894 fidus
1522 3830 1664 3912 amicae,

830 3932 876 3996 sio
898 3932 1048 4012 meritus,
1075 3931 1190 3997 vestris
1213 3931 1299 4014 quod
1321 3931 1387 3997 favi
1402 3947 1509 4016 'saepe
1530 3934 1718 4018 triumphis,

829 4034 909 4101 haee
931 4055 991 4118 ego
1014 4035 1114 4117 digna
1135 4035 1211 4114 tuii;
1238 4035 1330 4100 vobis
1352 4035 1428 4119 quia
1449 4036 1537 4102 bella
1559 4038 1681 4121 pereg'.

830 4137 964 4203 haecine
987 4145 1095 4204 vestra
1116 4137 1219 4202 fidesi
1262 4139 1344 4204 tales
1367 4138 1548 4204 referuntur
1569 4141 1687 4206 amioit

830 4241 1026 4308 Artabanum
1049 4240 1143 4306 modo
1166 4247 1259 4324 grata
1281 4241 1376 4324 mihi,
1403 4242 1544 4324 fortuna,
1571 4243 1734 4326 dedisses,

831 4352 914 4411 rorte
937 4365 1021 4410 nova
1043 4344 1135 4410 fortis
1158 4344 1278 4428 pariter
1299 4363 1369 4409 oum
1392 4352 1501 4411 noster
1522 4346 1654 4430 Ilaguas

688 4477 691 4486 ·
723 4474 735 4512 a
832 4456 938 4514 eastra
959 4447 1043 4533 regit
1064 4455 1241 4532 gentesque
1263 4448 1352 4514 ferae
1375 4448 1416 4514 de
1437 4448 1553 4515 finibus
1576 4451 1700 4516 Austri!

831 4570 912 4634 quas
934 4557 1043 4617 tamen
1067 4571 1141 4617 eooe
1164 4557 1256 4636 parat
1278 4551 1390 4617 ductor
1411 4557 1568 4637 temptare
1590 4554 1749 4624 Iohannes
1830 4587 1832 4592 ·

831 4655 931 4721 milite
954 4675 1025 4720 eum
1047 4674 1157 4740 parvo.
1204 4675 1315 4740 paoem
1338 4656 1393 4739 qui
1415 4676 1568 4739 quaerere
1591 4664 1730 4723 nostram

831 4777 893 4822 non
915 4758 1028 4823 humili
1051 4777 1123 4824 oum
1145 4759 1213 4823 iure
1236 4764 1343 4842 putat,
1371 4758 1429 4823 sed
1452 4759 1590 4825 callidus
1612 4767 1697 4844 arte,

830 4879 962 4946 poseere
984 4880 1063 4944 quos
1086 4861 1211 4944 deouit,
1238 4861 1331 4927 vanis
1354 4862 1526 4928 terroribus
1548 4869 1641 4929 artat.
1697 4852 1699 4854 ¹

829 4971 875 5031 tot
897 4964 976 5029 mihi
997 4971 1070 5049 post
1090 4964 1222 5029 meritos
1246 4964 1389 5030 subiecto
1411 4965 1513 5030 Marte
1535 4967 1729 5052 triumphos,

830 5067 963 5135 dextera
984 5087 1064 5149 qnos
1087 5067 1213 5150 tribuit,
1241 5067 1376 5133 duoibns
1399 5068 1516 5134 virtute
1538 5072 1729 5156 peremptis,

510 5335 560 5387 338
579 5332 755 5400 promisereT
857 5330 1027 5393 dignisqueT
1131 5329 1177 5379 341
1199 5332 1295 5379 ouourri
1311 5331 1340 5393 T,
1362 5333 1454 5379 recurri
1468 5331 1603 5380 Mommsen
1708 5331 1757 5380 335
1777 5333 1899 5393 pressisse
1917 5334 2009 5398 Bekis„
2029 5339 2074 5387 ds-

442 5427 536 5486 perissa
551 5422 580 5484 T,
595 5424 699 5486 periisse
714 5419 791 5469 Mors.
885 5416 934 5467 348
953 5431 1090 5480 pacemque
1105 5417 1133 5479 T,
1148 5416 1426 5479 psosmuelepitMurz.
1521 5416 1569 5465 353
1589 5417 1735 5465 moutemT
1823 5417 1870 5467 361
1890 5425 2040 5471 aremeioT

440 5511 543 5558 irruisse
560 5510 587 5572 Τ,
602 5506 806 5558 nequissebfuaa.
890 5503 1007 5554 semuli'
1087 5517 1131 5552 uos
1143 5507 1238 5566 scripsi,
1253 5503 1349 5566 quosT
1430 5505 1502 5564 fingis
1519 5504 1547 5564 T,
1564 5502 1797 5564 nngirtepnnmz.
1888 5504 1939 5556 362
1959 5509 2024 5558 mihi
2042 5511 2070 5562 T.

441 5610 505 5645 noua
525 5595 604 5646 Mosa.
722 5592 771 5642 363
790 5595 874 5641 iussus
891 5591 990 5638 merui?
1008 5595 1096 5638 cautus
1117 5589 1212 5652 Mara,
1240 5592 1315 5639 iussis
1335 5591 1414 5638 merui
1433 5598 1521 5638 cantus
1544 5591 1577 5652 Τ,
1608 5592 1683 5639 iussis
1702 5593 1782 5639 merui
1801 5597 1909 5656 parens?
1930 5594 2069 5644 nomme„

441 5681 490 5732 363
508 5681 675 5731 zrrntnriobi'
777 5679 826 5728 370
847 5680 950 5726 maritus
965 5677 1049 5738 Bekis„
1071 5677 1205 5725 meritisT
1307 5676 1585 5725 :stereometriam
1692 5677 1741 5726 375
1760 5679 1827 5726 ferae
1845 5678 1964 5730 dubitans
1977 5683 2071 5744 nera,

441 5769 535 5817 fereT
639 5765 861 5829 381pereptisT
