4508 6434
734 419 964 482 IOHANNIDOS
984 425 1054 482 LIB.
1074 425 1123 482 1v.
1144 427 1180 483 V.
1202 425 1273 494 (IV).

452 635 482 674 ‹a
578 623 674 699 atque
697 634 754 682 suo
777 616 910 684 veniens
932 616 1111 684 condensus
1133 618 1168 684 in
1190 617 1320 704 agmine
1342 618 1445 685 miles.

578 718 719 805 undique
741 721 904 788 ductorem
926 723 1049 788 vallant
1071 724 1209 808 stipante
1232 729 1377 804 caterva,

578 842 642 888 non
663 822 757 889 aliter
778 844 873 908 quam
896 845 1032 891 examen
1053 845 1132 910 apes
1154 846 1211 910 per
1232 834 1343 892 mutua
1365 824 1457 892 nexis

578 926 722 992 efficiunt
742 927 895 1012 pedibus,
921 949 1031 1012 regem
1053 928 1129 994 dum
1152 949 1250 1014 saepe
1273 935 1465 1012 sequuntur:

545 1037 548 1044 '
578 1030 699 1096 arboris
722 1038 779 1097 aut
799 1032 922 1116 apicem
946 1033 1057 1098 ductor
1079 1053 1300 1118 summumque
1323 1053 1476 1099 cacumen

577 1140 633 1198 aut
654 1133 794 1199 mediam
816 1135 918 1200 tenuit
940 1135 1110 1201 condensis
1132 1135 1298 1202 frondibus
1321 1156 1448 1219 ornum,

576 1237 646 1321 ipse
669 1237 779 1321 sedet,
804 1239 989 1323 primusque
1011 1240 1115 1305 locum
1138 1239 1272 1307 stridore
1294 1239 1454 1307 verendus

576 1340 684 1424 eligit,
711 1348 745 1406 at
768 1342 886 1406 circum
909 1342 1020 1408 densis
1042 1342 1201 1409 exercitus
1222 1344 1285 1410 alis

576 1444 752 1528 colligitur,
778 1446 926 1530 regisque
950 1445 1000 1510 sui
1023 1454 1195 1532 praecepta
1217 1455 1402 1532 capessunt.

662 1548 801 1631 armiger
822 1549 946 1615 interea
967 1549 1100 1615 veniens
1123 1550 1164 1616 de
1185 1551 1346 1617 montibus
1369 1551 1445 1616 altis

576 1669 651 1717 ecce
673 1651 775 1735 volat,
802 1651 984 1735 densasque
1006 1652 1121 1719 videns
1142 1662 1250 1720 astare
1272 1662 1418 1721 catervas

576 1761 608 1820 et
629 1754 715 1820 celso
737 1755 879 1821 medium
901 1755 1080 1839 fulgentem
1102 1757 1185 1823 colle
1207 1757 1412 1840 magistrum,

575 1857 715 1944 alipedis
737 1858 852 1925 celeris
875 1858 990 1925 dextra
1012 1861 1164 1926 contorsit
1185 1862 1345 1943 habenas,

576 1961 802 2046 ductoremque
822 1971 936 2047 petens
958 1963 1104 2029 volucres
1125 1984 1183 2049 per
1203 1964 1350 2048 gramina
1372 1984 1483 2030 cursus

576 2065 743 2151 conipuit,
770 2066 905 2132 densum
928 2076 960 2133 et
983 2067 1167 2153 dimmpens
1190 2068 1331 2134 concitus
1353 2088 1471 2151 agmen

576 2166 668 2234 dunt
690 2159 787 2254 equo,
812 2169 1014 2254 pedibusque
1035 2171 1110 2237 boni
1131 2177 1208 2236 tunc
1229 2193 1316 2238 more
1338 2171 1483 2256 magistri

576 2273 686 2339 oscula
707 2293 820 2357 pressa
842 2272 942 2341 dedit.
990 2273 1116 2340 fervens
1139 2275 1267 2360 iamque
1290 2276 1393 2342 omnis
1415 2275 1448 2340 in
1470 2275 1562 2340 illum

574 2377 668 2442 turba
690 2377 768 2460 coit,
795 2395 912 2442 causas
934 2377 1067 2462 cupiens
1090 2398 1281 2462 cognoscere
1303 2399 1409 2445 rerum

575 2499 826 2564 responsumque
848 2479 908 2545 feri
931 2479 1121 2547 referentem
1143 2482 1256 2550 audire
1278 2482 1417 2566 tyranni.

576 2591 608 2649 et
630 2591 775 2676 metuunt
796 2604 837 2649 ne
859 2603 972 2668 pacem
995 2592 1079 2668 oret,
1107 2605 1179 2650 cum
1201 2586 1309 2653 dicere
1331 2587 1439 2653 iussus

468 2710 481 2748 a
576 2687 682 2772 paruit
703 2696 736 2753 et
756 2687 884 2773 placido
906 2687 952 2753 sio
974 2688 1079 2772 coepit
1100 2689 1268 2757 Amantius
1290 2711 1355 2756 ore.

580 2792 704 2856 ‘omnia
725 2811 809 2875 quae
832 2785 978 2856 dominus
1001 2790 1121 2858 famulo
1142 2793 1307 2878 praecepit
1328 2792 1527 2878 adimplens,

575 2895 725 2977 gentibus
745 2895 780 2960 in
802 2895 917 2960 mediis
939 2902 1070 2980 portans
1093 2895 1246 2963 mandata
1270 2897 1410 2974 cucuni,

576 2998 830 3082 perveniensque
853 2999 956 3064 ferum
978 2999 1045 3064 vidi
1067 2999 1126 3065 sub
1149 3020 1227 3084 rupe
1249 3008 1420 3084 tyrannum

575 3103 609 3188 rr
627 3101 735 3168 ntibus
755 3101 790 3167 in
812 3101 955 3168 summis.
1003 3109 1079 3167 tunc
1100 3111 1212 3169 evocat
1232 3103 1290 3169 ille
1311 3103 1449 3170 rebelles

558 3213 578 3288 J
641 3226 652 3268 e
674 3205 773 3271 ciens.
820 3224 915 3270 cursu
937 3204 1049 3290 rapido
1072 3205 1236 3272 Maurusia
1256 3207 1350 3272 turba

535 3389 540 3398 ι
657 3309 720 3393 uit,
747 3316 779 3375 et
799 3308 912 3392 nigrae
934 3307 1035 3374 facies
1057 3309 1193 3375 tentoria
1215 3310 1384 3395 complent.

577 3439 608 3478 a.
674 3412 792 3479 ondam
813 3412 920 3478 Ditem
943 3419 1101 3478 moturum
1124 3412 1247 3497 proelia
1270 3413 1356 3480 divis

574 3517 743 3582 concinium
766 3515 883 3582 fecisse
909 3515 1016 3581 ferunt
1037 3524 1069 3580 et
1091 3516 1180 3582 mille
1202 3536 1260 3601 per
1281 3517 1407 3602 amplas

575 3628 715 3686 monstra
736 3619 807 3685 vias
829 3619 973 3701 venisse,
999 3618 1145 3702 Hydram
1166 3619 1353 3704 tristemque
1375 3619 1575 3703 Megaeram,

431 3747 478 3784 re
574 3731 670 3807 atque
692 3723 841 3790 Charona
863 3743 973 3789 senem
995 3723 1123 3789 deserta
1145 3743 1271 3789 currere
1293 3723 1425 3807 cymba,

574 3827 784 3912 Tisiphonem
806 3825 948 3892 validam
969 3825 1107 3892 flammis
1129 3833 1162 3892 et
1183 3826 1324 3912 pondere
1345 3827 1455 3912 pinum

573 3937 799 4013 quassantem,
825 3917 945 3996 Alecto
959 3930 1050 3996 tortis
1073 3930 1218 3996 saevisse
1240 3930 1420 4016 chelydris,

573 4053 720 4118 quaeque
743 4034 803 4100 sub
824 4032 950 4116 ingenti
972 4032 1072 4099 facies
1095 4040 1309 4100 monstrantur
1330 4035 1468 4100 Averno.

574 4145 671 4220 utque
694 4137 807 4203 ducem
830 4137 963 4202 veniens
985 4136 1120 4202 densum
1143 4137 1350 4203 circumstetit
1371 4158 1504 4222 agmen,

573 4241 689 4307 obtulit
711 4240 781 4326 ipse
804 4239 921 4306 sedens
944 4259 1128 4306 consessum
1151 4261 1192 4306 ex
1214 4240 1343 4325 agmine
1366 4241 1483 4325 dignis.

573 4344 629 4411 ille
652 4352 759 4411 tamen
782 4329 909 4410 medius
931 4343 1016 4409 sedit
1036 4343 1236 4429 praefectus,
1266 4349 1299 4410 et
1321 4344 1424 4410 omnis

573 4447 736 4533 aspiciens
758 4447 870 4534 rapido
892 4447 1034 4514 tumidus
1057 4446 1104 4514 sic
1125 4448 1249 4514 intonat
1271 4469 1335 4514 ore.

577 4552 739 4640 legatos,
765 4571 929 4637 proceres,
955 4551 1036 4616 dura
1058 4559 1090 4618 et
1111 4551 1264 4624 mandata
1286 4553 1439 4619 lobannis

573 4656 753 4741 suscipiens
774 4675 833 4721 vos
854 4674 949 4721 nosse
971 4655 1061 4738 volo,
1087 4656 1272 4738 cunctisque
1296 4656 1477 4740 loquentem

447 4783 477 4820 ,1
573 4758 759 4826 mandatum
781 4766 957 4825 monstrare
980 4759 1092 4823 virum.
1141 4779 1198 4824 vos
1220 4758 1351 4825 auribus
1373 4759 1464 4826 illum

572 4863 704 4929 intentis
725 4863 835 4929 audite
857 4863 990 4949 palam,
1008 4869 1041 4929 et
1063 4861 1240 4944 decernite,
1267 4862 1296 4928 si
1318 4862 1397 4945 quid

573 4975 622 5033 est
643 4966 749 5033 animo
770 4966 884 5050 fixum,
911 4986 1025 5052 pacem
1046 4967 1209 5033 bellumne
1231 4963 1409 5052 petamu's'.

255 5249 305 5299 235
324 5250 447 5300 condenso
464 5251 491 5297 in
509 5249 607 5310 agmina
625 5245 717 5308 Bata„
742 5246 865 5295 condenso
883 5246 980 5306 agmine
1004 5246 1030 5304 T,
1056 5245 1181 5294 condenso
1198 5260 1229 5294 ex
1248 5230 1347 5306 agnilus
1366 5245 1444 5294 Musa.
1585 5246 1634 5296 298
1653 5247 1770 5306 eftlglunt
1790 5248 1810 5295 T

188 5335 238 5385 300
257 5319 388 5386 condensls
408 5336 549 5394 Mommsen,
570 5336 696 5384 contentis
717 5333 737 5380 T
841 5331 888 5381 301
909 5346 960 5394 que
977 5331 1036 5380 odd.
1054 5330 1131 5382 Maca.
1238 5329 1288 5380 302
1306 5338 1332 5380 at
1349 5331 1435 5391 Balcia,
1456 5347 1484 5380 ac
1505 5332 1526 5380 T
1628 5331 1677 5381 301
1697 5334 1808 5395 alipedes

186 5423 279 5472 celeres
301 5422 322 5470 T
424 5421 474 5470 310
492 5422 568 5470 fluxit
586 5419 675 5479 liuza,
698 5421 771 5467 flexit
793 5418 813 5464 Τ
915 5417 965 5468 314
983 5419 1095 5466 orentT
1121 5433 1122 5436 ¹
1199 5416 1249 5467 315
1268 5420 1304 5466 sle
1321 5420 1403 5480 coeplt
1420 5417 1480 5469 cdd.
1501 5417 1579 5467 Muta.
1685 5416 1734 5466 317
1753 5433 1807 5468 me·

185 5507 221 5558 du
243 5508 264 5556 T
366 5508 416 5558 320
435 5521 495 5556 uoce
513 5507 628 5556 docitem
646 5505 736 5564 Moza,
758 5509 799 5568 qai
816 5519 871 5554 aere
889 5505 989 5564 malou,
1010 5511 1081 5554 nocte
1096 5505 1125 5565 T,
1145 5505 1179 5567 es.
1202 5504 1307 5554 01204.
1333 5504 1581 5566 Vcrp.Acu.111'68
1685 5503 1735 5554 321
1753 5507 1808 5554 uias

186 5594 412 5656 noctemnoctem,
428 5594 529 5642 uenisse
541 5596 595 5641 ulus
609 5593 630 5640 T
717 5591 766 5641 325
784 5599 860 5654 atque
872 5591 986 5640 Obarona
998 5591 1084 5650 Bella,
1099 5605 1128 5638 aa
1139 5605 1226 5640 wana
1241 5590 1266 5650 T,
1282 5606 1310 5639 ac
1322 5590 1444 5641 Charonta
1457 5590 1535 5642 Musa.
1617 5591 1704 5650 cymba
1715 5590 1806 5652 Maza,

185 5682 317 5730 tormbaT
414 5679 465 5729 326
482 5679 648 5742 tesfpborreT
752 5677 801 5727 321
820 5677 933 5727 alettoT
1037 5676 1087 5726 320
1104 5677 1295 5726 circomstltitT
1392 5677 1442 5726 330
1460 5677 1586 5725 octulltT
1681 5675 1728 5726 331
1750 5693 1806 5742 prs-

185 5773 269 5815 scctus
289 5767 310 5812 T
413 5767 461 5814 331
482 5767 621 5829 srrsclpleus
639 5765 726 5825 Bella,
747 5766 905 5827 snbsplclerrs
926 5764 956 5824 T,
976 5765 1118 5826 suspiciens
1139 5764 1216 5813 Maca.
1332 5763 1632 5824 cathanensem„
1652 5763 1717 5811 bello
1734 5779 1767 5814 ue
1790 5765 1810 5812 Τ
