4508 6434
1189 419 1338 478 CORIPPI

839 610 979 694 invenit,
1005 616 1092 678 tento
1115 632 1268 678 revocans
1290 613 1427 696 vestigia
1449 613 1521 694 iilo,

840 714 982 800 Aegides
1005 715 1154 782 monitus.
1200 723 1312 808 peetus
1334 723 1410 783 tunc
1432 719 1501 802 ipsc
1523 717 1657 782 biforme

840 839 917 886 ense
940 818 1013 885 t‘crit
1034 819 1120 885 misti
1142 821 1281 904 generis.
1329 821 1427 888 vomit
1448 821 1504 887 ille
1527 839 1668 886 cruorem

841 931 873 989 et
894 923 957 989 mit
978 924 1133 988 obscurae
1155 923 1360 1008 confringens
1382 945 1501 990 cornua
1522 931 1636 991 terrae.
1728 1005 1730 1008 Ι

840 1026 934 1092 tertia
955 1026 1116 1102 constricti
1137 1026 1280 1092 formans
1301 1028 1479 1093 munimina
1500 1027 1579 1092 valli

839 1129 1028 1211 circumdat,
1056 1130 1241 1216 spargitque
1264 1151 1361 1215 pecus
1383 1131 1543 1214 vincitque
1565 1129 1721 1196 minutum

702 1251 744 1290 ‚s
840 1233 1030 1318 impediens.
1078 1234 1200 1300 medios
1223 1234 1333 1300 densis
1355 1235 1503 1318 astringit
1525 1234 1637 1300 asellis

839 1345 908 1403 arte
930 1338 1033 1420 locos,
1059 1337 1217 1421 funesque
1240 1339 1347 1423 ligans
1369 1338 1515 1404 extendit
1536 1338 1677 1422 iniquos,

841 1447 873 1507 et
894 1441 1028 1507 tribulos
1050 1461 1108 1526 per
1130 1448 1235 1508 rastra
1257 1443 1342 1507 locat
1363 1441 1534 1524 furcasque
1556 1441 1719 1520 bicornea

841 1545 1029 1628 exacuitque
1053 1544 1150 1612 sudes
1173 1553 1205 1612 et
1226 1566 1360 1630 magnas
1383 1546 1473 1612 obice
1496 1553 1618 1612 cautes.

926 1648 1060 1714 Antalas
1082 1649 1200 1733 pariter
1221 1669 1347 1734 pugnas
1370 1649 1666 1728 determinatam,

839 1752 1065 1837 egrediturque
1087 1753 1155 1818 suis
1177 1754 1318 1818 vallatus
1341 1753 1501 1819 cornibus.
1548 1750 1640 1818 ardet

839 1856 873 1921 in
895 1856 1035 1922 medium
1059 1856 1198 1921 confisus
1220 1876 1317 1940 equo,
1344 1876 1535 1942 pugnaeque
1558 1854 1699 1940 pedestri

840 1959 1019 2044 composuit
1040 1959 1142 2025 solido
1164 1959 1288 2026 iunctas
1312 1960 1448 2026 umbone
1470 1961 1661 2045 phalanges.

841 2063 900 2129 sed
920 2062 1051 2148 propius
1073 2061 1176 2129 tenuit
1197 2063 1327 2129 munitis
1350 2063 1481 2146 agmina
1503 2063 1632 2144 eastrisf

840 2187 899 2232 nec
921 2165 1047 2251 pedites
1069 2167 1170 2233 voluit
1191 2165 1300 2232 tristes
1322 2167 1519 2232 committere
1537 2185 1668 2251 pugnas

840 2269 984 2353 longius,
1011 2278 1161 2355 expertus
1183 2270 1300 2336 totiens
1322 2269 1400 2353 quid
1422 2277 1522 2337 terror
1543 2269 1577 2335 in
1599 2269 1697 2335 armis

841 2379 873 2441 et
894 2373 996 2440 virtus
1018 2375 1163 2440 Romana
1185 2379 1300 2459 potest.
1347 2380 1454 2440 tamen
1477 2373 1589 2439 ordine
1612 2379 1697 2438 ecrto

840 2477 997 2563 processit
1018 2476 1156 2561 geminis
1179 2477 1266 2543 acies
1289 2477 1453 2542 Maurusia
1476 2475 1587 2561 signis.

840 2587 914 2646 ante
936 2581 1049 2646 volans
1071 2581 1199 2665 sonipes
1221 2587 1304 2646 totos
1327 2579 1540 2647 concurritin
1562 2600 1675 2664 agros,

840 2686 1092 2769 Laguaumque
1115 2685 1197 2750 levis
1220 2704 1349 2770 campos
1373 2684 1535 2767 collesque
1557 2682 1751 2768 propinquos

840 2794 936 2871 atque
959 2807 1056 2854 cavas
1078 2787 1181 2853 valles
1205 2787 1366 2872 silvasque
1389 2795 1421 2853 et
1442 2787 1574 2854 flumina
1596 2787 1759 2872 complens

762 2929 763 2936 κ
840 2892 882 2974 it,
907 2893 1002 2958 lerna
1024 2892 1193 2958 eomitante
1216 2892 1283 2958 fero
1306 2893 1487 2975 Brutenque
1510 2891 1661 2976 superbo.

840 2996 897 3072 ilie
920 2996 1080 3062 secundus
1104 3001 1183 3061 crat.
1230 2994 1382 3060 Gamaius
1405 3013 1484 3078 quos
1507 2993 1624 3060 deinde
1647 3000 1775 3061 secutus

841 3100 933 3166 ardet
954 3099 986 3164 in
1009 3099 1162 3164 adversos
1184 3098 1294 3164 multis
1317 3118 1388 3164 cum
1411 3097 1541 3164 milibus
1564 3098 1685 3163 hostes.

841 3203 1040 3269 Hisdrcasen
1061 3202 1234 3286 Ialdasque
1257 3202 1347 3268 ferox
1370 3203 1402 3267 et
1424 3201 1548 3266 Sinzira
1570 3201 1716 3280 fervens,
1771 3219 1773 3226 ’

842 3325 985 3390 quosque
1006 3306 1126 3372 reterre
1149 3323 1266 3391 parans
1290 3304 1516 3390 comprendere
1539 3303 1669 3370 nomina
1690 3304 1798 3370 nullus

841 3415 948 3476 mente
969 3416 1092 3495 potest,
1119 3429 1299 3494 saevasque
1320 3409 1433 3475 volens
1456 3415 1502 3474 tot
1525 3408 1632 3475 dicere
1653 3415 1776 3492 gentes.

841 3513 893 3580 his
916 3513 1062 3596 medius,
1088 3513 1189 3579 fornes
1211 3513 1290 3579 beili
1312 3518 1494 3595 rectorque,
1521 3511 1652 3578 Sidiean

822 3619 916 3682 'acer
938 3623 1024 3698 erat,
1050 3616 1243 3700 dextrosque
1265 3616 1388 3700 equites
1411 3623 1443 3680 et
1465 3615 1559 3700 signa
1581 3616 1724 3699 regebat.

841 3727 875 3786 at
897 3720 1024 3785 socians
1047 3722 1139 3786 laevo
1163 3721 1323 3786 Carcasan
1346 3719 1476 3804 agmina
1498 3741 1595 3786 cornu

703 3845 708 3856 ¹
745 3898 747 3902 .
831 3821 1021 3896 condensas
1042 3822 1130 3888 acies
1152 3841 1280 3907 campos
1303 3821 1440 3888 effundit
1460 3822 1493 3887 in
1516 3843 1643 3903 omnes,

840 3926 983 3992 Ifuraces
1006 3926 1039 3991 in
1062 3926 1148 3993 belia
1170 3945 1318 4010 movens,
1345 3926 1527 4011 pariterque
1550 3927 1720 4012 bielangus

840 4030 934 4113 signa
956 4031 1057 4114 regit,
1084 4030 1203 4097 Gantal
1227 4030 1455 4114 Guentanqm,
1482 4031 1660 4112 Aiacanua,
1688 4033 1850 4116 Iutungun

840 4133 929 4201 dirus
952 4142 983 4200 et
1006 4134 1162 4200 Autiiiten
1183 4135 1279 4200 velox
1302 4134 1456 4218 fortisque
1479 4134 1637 4216 Cambar,

840 4245 873 4304 et
894 4257 974 4320 quos
997 4237 1086 4304 mille
1108 4238 1207 4304 duces
1230 4237 1346 4304 misere
1369 4238 1402 4302 in
1425 4239 1548 4322 proclia
1570 4239 1692 4322 Syrtes.

924 4341 1053 4424 iamque
1075 4342 1332 4427 propinquabant
1353 4342 1499 4408 adversis
1522 4343 1667 4409 hostibus
1690 4336 1797 4409 hos'tes

839 4444 998 4529 signaque
1020 4445 1214 4530 compositis.
1262 4464 1354 4510 arcus
1376 4446 1585 4529 volucresque
1609 4447 1743 4530 sagittas

840 4547 1031 4632 depromunt
1052 4547 1227 4633 pharetris,
1254 4555 1285 4614 et
1307 4549 1425 4614 ferrum
1449 4547 1573 4614 missile
1595 4549 1733 4614 vibrant.

839 4650 965 4717 finierat
987 4651 1126 4736 spatium
1149 4650 1242 4716 vacui
1264 4671 1340 4737 pars
1363 4651 1458 4716 obvia
1481 4651 1602 4736 campi,
1617 4671 1637 4718 a*

839 4773 1066 4840 accessumque
1089 4753 1167 4820 viris
1189 4754 1277 4821 acies
1299 4754 1407 4821 aliena
1428 4756 1586 4838 negabat,

839 4857 937 4939 inque
960 4857 1026 4923 suis
1049 4858 1180 4923 obstans
1202 4858 1368 4924 venientes
1392 4859 1512 4924 fecerat
1534 4859 1641 4925 hostes

840 4968 926 5028 stare
948 4960 1044 5042 locis,
1071 4961 1255 5045 pressisque
1278 4961 1452 5028 haesemnt
1472 4962 1603 5046 agmina
1625 4962 1735 5029 frenis.

839 5065 1037 5150 prospiciens
1059 5065 1147 5130 acies
1170 5065 1250 5132 vidit
1273 5065 1453 5133 Gueufeins
1475 5065 1576 5132 hostis

518 5327 567 5378 613
586 5329 720 5377 constructi
739 5325 855 5376 dubitans
875 5325 951 5374 Muza.
1059 5327 1107 5376 611
1128 5328 1282 5390 0101100οΤ
1387 5327 1436 5378 616
1454 5330 1579 5390 turresque
1598 5329 1683 5390 1101010,
1705 5331 1818 5391 dirosque
1842 5329 1862 5374 Τ
1966 5327 2086 5378 617101-

450 5415 543 5464 61001Ι
653 5413 703 5464 ors
723 5426 823 5473 magnos
845 5414 866 5460 Τ
978 5413 1028 5464 6111
1046 5415 1215 5464 dexterminat
1236 5415 1257 5460 Τ
1370 5413 1420 5464 626
1438 5415 1527 5464 ardens
1545 5414 1658 5475 Lucium,
1679 5415 1722 5464 sed
1739 5415 1775 5475 es.
1795 5417 1845 5464 633
1951 5414 2004 5464 623
2025 5431 2086 5479 pro-

449 5503 520 5563 prius
541 5501 562 5548 Τ
619 5485 745 5560 Ι0300100
761 5500 781 5546 Τ
875 5499 924 5549 627
944 5501 1054 5561 0001οΤ
1139 5503 1293 5549 00000101οΤ
1385 5501 1435 5551 629
1453 5501 1638 5563 iungunturque
1653 5503 1690 5562 {in
1701 5503 1813 5562 00000100
1824 5485 2086 5564 innguarrtnnquei'd

449 5585 496 5636 631
517 5585 543 5635 id
566 5588 587 5634 Τ
715 5584 764 5636 631
784 5587 822 5634 bis
841 5587 945 5636 dressen
963 5587 1096 5648 isidasque
1118 5587 1152 5648 (in
1169 5589 1280 5648 margine
1298 5590 1402 5638 dresasn
1422 5589 1524 5646 iisbdas)
1548 5588 1568 5634 Τ
1698 5589 1762 5636 ieros
1784 5587 1805 5634 Τ
1933 5589 2031 5637 ainzim
2054 5589 2084 5652 T,

449 5672 627 5734 Sutctirnieqr't
642 5673 720 5722 11000.
820 5672 870 5722 635
889 5672 1065 5736 comprendere
1080 5672 1169 5734 Maza„
1190 5675 1342 5738 comprenT
1438 5673 1488 5724 639
1507 5676 1581 5722 001100
1597 5675 1617 5720 Τ
1675 5680 1821 5722 ’00100000
1839 5675 1860 5721 Τ
1959 5675 2087 5727 012000-

447 5745 545 5819 tuuguri
568 5759 588 5806 Τ
694 5758 744 5808 618
763 5773 818 5823 para
837 5759 910 5808 obuia
929 5757 1019 5822 Muza,
1041 5774 1083 5824 par
1101 5761 1158 5808 outa
1180 5760 1201 5810 Τ
1303 5760 1353 5812 656
1371 5761 1472 5812 obstans
1492 5760 1580 5818 Maca,
1602 5761 1703 5809 hostum
1724 5759 1745 5810 Τ
