4462 6436
630 399 667 454 IN
687 398 845 454 LAVDEII
864 398 1014 454 IVSTINI.
1052 399 1275 455 PERIOCHAE.
1707 403 1763 464 113

211 588 289 651 XIX
318 589 433 654 Amore
455 589 622 655 Iustiniani
645 590 781 678 populus
803 589 918 655 incita·
987 633 992 644 .

146 699 196 755 tus
216 690 372 756 Iustinum
394 691 544 758 heredem
567 693 658 776 regni
681 693 788 758 sarsore
812 693 916 758 laudis

146 794 326 876 exequitur.

147 1055 189 1136 Ιιι
218 1051 319 1136 libro
346 1054 511 1137 seeundo
537 1057 788 1139 eontinentur
813 1059 916 1140 haee.

211 1210 226 1273 l
249 1210 298 1275 De
314 1217 473 1277 convente
489 1217 520 1276 et
535 1211 710 1278 intentione
725 1213 834 1297 populi
850 1233 918 1278 cer-

147 1333 221 1378 nere
244 1313 400 1379 Iustinum
423 1313 597 1399 principem
622 1315 789 1401 cupientis.

211 1417 243 1480 II
265 1417 337 1482 Non
358 1417 446 1502 prius
462 1419 602 1484 Iustinus
618 1419 801 1504 Sophiaque
824 1440 918 1502 rega-

147 1519 192 1584 lia
214 1521 308 1604 signa
330 1530 543 1606 sumpserunt,
569 1522 631 1587 nisi
646 1524 699 1608 pia
713 1531 784 1589 tura
800 1523 918 1589 sanetis

146 1623 490 1712 offerentes-altaribus
512 1626 679 1691 submissis
699 1627 846 1711 precibus
861 1626 919 1692 de-

147 1725 269 1791 minum
290 1734 469 1794 exorarent.

213 2139 261 2204 III
290 2140 338 2205 De
366 2150 521 2226 apparatu
544 2143 679 2208 vestium
704 2145 918 2228 Augustarum

148 2243 198 2306 vel
223 2242 354 2326 reliquis
375 2245 586 2326 ornamentis,
613 2246 729 2328 quibus
751 2248 793 2313 ad
815 2249 919 2333 perei-

148 2344 299 2430 piendum
321 2367 454 2430 regnum
477 2349 619 2414 Iustinus
642 2350 783 2415 emicuit.

213 2447 257 2512 IV
285 2449 380 2515 quta
407 2451 544 2536 priorum
574 2453 667 2517 ritum
695 2461 843 2536 quattuor
870 2455 920 2518 iu-

87 2551 94 2572 ⁸
148 2571 263 2616 venum
297 2553 444 2619 manibus
476 2554 510 2618 In
540 2555 676 2640 clipeum
705 2558 846 2622 Iustinus
879 2555 922 2621 ad

149 2655 346 2737 regnandum
369 2656 544 2723 adtollitur.

215 2757 241 2822 V
273 2760 302 2823 A
324 2759 465 2825 Iohanne
493 2761 642 2846 pontifice
667 2763 804 2828 lustinus
831 2781 921 2828 sacre

149 2859 331 2929 diademate
347 2871 515 2930 coronatus
530 2865 702 2950 imperator
717 2866 863 2948 eflicitur,
890 2874 923 2933 et

149 2971 329 3031 senatorum
351 2967 404 3033 vel
426 2968 523 3033 tetius
545 2969 656 3054 pepuli
679 2966 820 3052 retribue,
850 2991 921 3036 eum

149 3067 269 3152 Sophia
291 3071 419 3154 pariter,
446 3070 597 3137 laudibus
619 3074 803 3139 ellemntur.

213 3171 258 3235 VI
280 3171 403 3250 Quibus
425 3175 532 3240 verbis
546 3175 689 3240 Iustinus
712 3185 857 3243 senatum
873 3184 923 3243 est

149 3273 327 3360 adlocutus,
347 3283 515 3362 postquam
530 3278 646 3343 solium
662 3280 846 3346 conscendit
861 3281 921 3346 inr-

148 3397 240 3461 pem.

215 3481 275 3545 VH
304 3482 463 3566 Iustiuus,
489 3505 606 3568 magno
629 3485 768 3572 stipante
792 3494 917 3572 senatu,

150 3583 182 3648 in
205 3584 366 3668 publicum
385 3606 448 3671 res,
473 3588 625 3673 populum
642 3588 682 3655 de
698 3589 921 3657 emendatione

150 3707 280 3771 operum
303 3708 342 3754 ac
364 3688 478 3757 futurIs
501 3691 592 3757 donis
614 3692 806 3776 adloquitur.

215 3998 291 4063 VIII
324 4000 493 4066 Iustiniani
515 4002 715 4088 imperatorin
737 4007 923 4092 syngrapha

152 4101 324 4168 creditores
339 4104 454 4170 Iustiui
476 4105 616 4170 vultibus
632 4127 702 4171 cum
718 4106 857 4174 lacrimis
872 4129 924 4174 re-

152 4214 368 4290 praesentant.
416 4207 532 4290 quibus
560 4209 617 4275 ille
640 4210 809 4277 miseratus
832 4211 924 4276 debi-

152 4317 218 4373 tum
240 4311 394 4395 persolvit
415 4311 576 4394 avunculi,
605 4319 700 4397 atque
722 4314 840 4379 multos
863 4315 924 4379 cri-

152 4413 289 4478 minibus
311 4413 480 4499 inplicatus
502 4436 523 4480 a
545 4417 697 4482 carcerali
716 4417 804 4483 iubet
818 4425 924 4484 eusto-

153 4516 207 4581 dia
227 4516 378 4583 relaxari.

205 4796 266 4844 XIX
286 4796 373 4858 Beleia,
394 4797 429 4844 IX
450 4795 477 4843 M
552 4798 670 4846 heredem
689 4799 759 4856 Itala,
782 4804 878 4847 orclem
900 4800 926 4846 M

207 4884 231 4931 Il
249 4889 394 4932 sumserunt
408 4883 441 4943 M,
462 4888 490 4931 ut
502 4884 561 4932 rotet
621 4887 748 4934 efferentis
762 4885 789 4932 M
857 4902 925 4934 sum·

155 4971 239 5018 ruissis
251 4969 278 5017 Μ
341 4970 378 5018 lll
396 4977 548 5029 egestatum
563 4969 596 5030 Μ,
612 4975 639 5020 ut
651 4971 703 5031 fere
714 4973 773 5020 solet
837 4973 871 5018 IV
884 4974 924 5020 lu·

155 5063 193 5104 sta
207 5055 235 5106 M
297 5058 406 5119 priorum
418 5056 495 5106 Bertb
509 5057 580 5104 XXV
591 5059 606 5106 3
617 5074 643 5119 p.
662 5060 735 5118 1217,
751 5060 885 5119 primorum
899 5058 926 5105 Μ

156 5145 178 5188 V
197 5159 212 5190 a
229 5144 317 5192 ieanue
336 5141 365 5190 M
464 5144 497 5190 Vl
516 5147 600 5192 ueruls
618 5143 646 5191 M
730 5146 880 5206 sdlequutus
901 5145 927 5191 M

156 5229 202 5277 Vll
222 5230 248 5277 ln
266 5231 395 5292 publicum
413 5245 453 5279 res
473 5229 508 5291 M,
533 5232 561 5280 in
579 5232 702 5293 publicam
721 5245 773 5279 renr
791 5231 863 5292 Reiz,
885 5232 926 5280 red

156 5318 182 5364 in
201 5317 328 5378 publicum
347 5319 457 5380 precedit
473 5321 617 5380 requisitor,
644 5320 670 5366 in
689 5319 818 5381 publicum
837 5332 926 5366 uersus

159 5402 294 5451 Mommsen
365 5419 467 5467 eperum
481 5404 553 5466 Itala,
568 5419 651 5453 eorum
665 5405 701 5466 M,
717 5419 811 5480 prorum
823 5407 927 5467 requr'rIt

157 5490 234 5538 Borlb
247 5492 340 5540 ,tave
350 5507 377 5552 p.
394 5491 457 5539 1⁶21?
506 5490 565 5538 VIII
579 5493 729 5554 inperatoris
741 5493 856 5552 singraun
867 5489 894 5537 M

156 5579 269 5626 ‹lerrltum
290 5578 317 5625 M

235 5854 353 5893 tbrnrrrrs.

1059 591 1139 655 XIX
1167 592 1188 672 (ι
1210 594 1269 674 :trel
1302 593 1417 655 Amore
1441 591 1607 656 Irrstiniaui
1630 611 1685 676 pre
1708 591 1765 655 he-

994 714 1070 759 nore
1093 694 1207 758 Iustiui
1231 695 1367 780 populns
1389 695 1547 758 incitatur.
1593 765 1595 772 ,

1059 1213 1074 1276 I
1102 1213 1180 1296 (ιιι)
1209 1211 1258 1276 De
1280 1219 1436 1276 conventu
1460 1218 1492 1276 et
1511 1212 1686 1278 intentione
1710 1235 1767 1298 po-

996 1315 1062 1399 puli
1085 1336 1141 1399 pre
1164 1335 1261 1399 regno
1284 1314 1408 1378 Iustini.
1440 1353 1483 1362 —-
1509 1316 1581 1380 Non
1603 1317 1691 1399 prius
1714 1317 1767 1390 Iu-

996 1418 1098 1483 stimrs
1132 1419 1315 1502 Sophiaque
1349 1426 1553 1502 sumpserunt
1584 1419 1763 1504 imperium,

995 1521 1028 1586 ni
1058 1521 1219 1586 domiuum
1251 1520 1373 1586 devotis
1404 1523 1551 1605 precibus
1587 1533 1763 1589 extruerent.

997 1663 1037 1671 —
1066 1625 1174 1690 Oratio
1201 1624 1315 1690 Iustiui
1344 1645 1399 1709 pre
1429 1625 1608 1710 adsumptis
1641 1627 1768 1692 honori-

995 1728 1067 1792 bus.

1060 1833 1091 1896 ll
1120 1834 1154 1915 (ιι
1177 1834 1219 1914 ιι(
1260 1832 1453 1917 Deprecatio
1481 1832 1625 1898 eiusdem
1653 1834 1769 1898 Iustiui

996 1935 1151 2018 coniugis,
1177 1957 1272 2018 quam
1289 1956 1393 2000 ceram
1410 1935 1529 2001 Christi
1544 1937 1704 2019 genetrice
1720 1938 1769 2002 es-

996 2037 1130 2103 inudere
1154 2046 1247 2123 poeta
1270 2040 1419 2105 decenter·
1441 2045 1577 2104 enarrat.

1059 2141 1108 2205 III
1137 2143 1170 2224 (ιι
1193 2145 1235 2226 el]
1273 2142 1322 2208 De
1349 2149 1504 2228 apparatu
1534 2143 1671 2208 vestium
1702 2146 1770 2208 Au-

995 2251 1172 2328 gestarum.

1063 2452 1106 2516 IV
1134 2457 1167 2532 (ιι
1192 2457 1250 2530 137]
1281 2453 1375 2518 quta
1397 2453 1534 2538 pm'orum
1558 2454 1651 2519 ritum
1675 2455 1772 2521 Iusti-

998 2573 1058 2618 nus
1079 2554 1113 2619 in
1135 2575 1268 2638 regnum
1292 2555 1466 2621 adtollitur.

1063 2762 1091 2826 V
1119 2764 1152 2844 (ιι
1177 2765 1234 2845 159)
1262 2761 1446 2828 Alohanne
1465 2762 1615 2847 pontifice
1630 2764 1772 2830 Iustinus

998 2864 1132 2950 imperio
1154 2872 1366 2931 cousecratur.

1063 3175 1107 3240 VI
1134 3177 1169 3258 (n
1195 3177 1253 3259 ιιι(
1288 3175 1410 3254 Quibus
1432 3175 1540 3240 verbis
1563 3183 1635 3261 post
1657 3197 1773 3262 accep-

999 3287 1064 3344 tum
1087 3279 1255 3364 imperium
1278 3285 1423 3343 senatum
1444 3279 1586 3344 Iustinus
1610 3286 1660 3346 est
1680 3280 1773 3346 adlo-

998 3387 1103 3449 cutus.
1689 3445 1694 3459 ,

1063 3484 1125 3549 VII
1145 3485 1180 3565 (11
1196 3486 1253 3567 278(
1281 3485 1423 3550 Iustinus
1438 3486 1590 3570 populum
1607 3485 1647 3551 de
1663 3507 1773 3552 emen-

999 3588 1127 3653 datione
1150 3608 1280 3673 eperum
1302 3588 1494 3671 adloquitur.

1063 3795 1141 3859 VIII
1168 3795 1203 3878 (ιι
1225 3797 1284 3879 331]
1312 3796 1478 3863 Enarratie
1494 3796 1608 3862 Iustini
1630 3797 1662 3861 in
1682 3797 1773 3865 favo-

1000 3920 1065 3964 rem
1088 3898 1234 3984 populi.¹

1064 4002 1112 4066 IX
1139 4004 1272 4089 (11361).

1054 4799 1115 4846 lde
1133 4798 1191 4847 edd.
1206 4796 1270 4845 ller'r
1339 4811 1388 4844 uon
1401 4796 1472 4856 Reiz,
1493 4811 1525 4845 cu
1539 4795 1566 4842 M
1634 4798 1661 4844 ni
1679 4799 1771 4857 serlpd,

1003 4887 1052 4933 laer
1073 4883 1108 4944 M,
1128 4897 1202 4946 quem
1221 4883 1285 4930 Reiz
1354 4884 1453 4930 deuotis
1471 4883 1588 4943 precibus
1605 4883 1705 4944 rcrr'prl,
1726 4882 1774 4929 neb

1004 4973 1119 5033 precihus
1138 4969 1172 5031 M,
1193 4970 1259 5017 uotis
1277 4970 1444 5031 precibusque
1464 4969 1527 5017 Rutu
1606 4968 1728 5017 adsumtis
1747 4967 1776 5014 M

1003 5059 1027 5106 ll
1044 5057 1141 5106 eddidit
1159 5057 1221 5106 Boia
1303 5055 1339 5102 IV
1357 5057 1424 5104 leste
1443 5054 1470 5101 M
1547 5056 1580 5102 Vl
1599 5055 1693 5116 accepti
1714 5053 1740 5100 M

1003 5153 1106 5194 serratus
1126 5142 1153 5190 M
1221 5142 1268 5191 Vll
1286 5143 1423 5204 alloquitur
1442 5141 1469 5188 M
1538 5142 1597 5189 Vlll
1615 5141 1697 5189 labere
1717 5138 1743 5186 M
