4546 6420
907 403 1137 462 PRO0Eir1vu.

208 627 443 696 emendationis
466 634 572 693 cenae
595 626 761 711 egregium
783 625 1086 710 fundamentum¹⁴),
1113 627 1297 710 egcuuina
1318 625 1455 692 lectione

619 745 827 830 dominosque
849 746 974 812 Avares
996 766 1080 812 nunc
1101 746 1234 812 Parthia
1256 746 1356 812 ferret

208 867 323 935 litteris
345 874 468 934 tantum
492 865 617 932 duabus
639 865 841 951 transpositis
864 865 981 946 differt,
1008 866 1111 932 altera

559 1033 560 1038 η
620 985 734 1052 didicit
754 985 901 1050 dominos
924 983 1080 1070 patientia
1101 984 1186 1052 ferre
1689 1055 1694 1078 κ

204 1107 408 1192 interpolatio
431 1115 482 1174 est
502 1106 658 1173 audacius
681 1126 779 1188 quam
800 1103 1000 1188 ingeniosius
1023 1105 1216 1189 excogitata.
1263 1106 1368 1190 Atque
1397 1106 1481 1172 hanc
1510 1106 1640 1188 quidem
1670 1106 1840 1172 lectionem

204 1246 388 1312 perversam
419 1246 482 1292 non
511 1226 625 1293 eodem
653 1225 688 1290 in
710 1225 793 1290 libro
815 1244 843 1308 a,
858 1224 972 1290 Ruiaio
994 1223 1159 1290 inventam
1182 1245 1272 1310 esse,
1306 1246 1323 1291 e
1346 1245 1408 1308 quo
1431 1225 1595 1292 meliorem
1617 1226 1707 1292 illam
1731 1246 1841 1292 emen-

205 1346 334 1413 datione
358 1345 490 1431 dignam
512 1344 674 1427 hauserit,
706 1344 775 1410 veri
798 1343 1013 1426 simillimum,
1042 1363 1084 1410 ne
1107 1344 1214 1411 dicam
1237 1353 1375 1426 certum,
1402 1353 1461 1412 est.
1509 1346 1578 1412 Nec
1600 1344 1718 1412 frustra
1740 1365 1841 1430 quae-

204 1485 329 1548 remus,
363 1473 436 1532 utra
458 1465 611 1532 Ovetensi
642 1464 816 1546 debeatur,
850 1471 922 1532 utra
949 1463 1014 1529 alio
1044 1483 1063 1530 e
1092 1463 1202 1531 codice
1224 1465 1413 1531 manaverit.
1459 1465 1562 1531 Annis
1585 1465 1670 1531 enim
1692 1465 1761 1532 iere
1783 1466 1842 1533 tri-

205 1587 297 1669 ginta
318 1592 490 1668 antequam
513 1584 645 1650 Ruizius
677 1584 800 1670 primus
823 1583 956 1669 Corippi
982 1585 1215 1668 panegyricum
1243 1591 1344 1650 totum
1375 1583 1494 1666 edidit,
1528 1605 1687 1650 unacum
1710 1585 1840 1680 Sidonio

204 1705 387 1791 Apollinari
416 1724 500 1770 anuo
524 1703 664 1768 MDLII⁰
691 1705 733 1770 ab
756 1703 830 1770 Elia
851 1703 966 1770 Vineto
997 1723 1015 1769 e
1045 1703 1155 1770 codice
1178 1703 1372 1770 Santonensi
1405 1704 1568 1787 ‘Epistola
1589 1705 1676 1789 regis
1698 1706 1840 1772 Avarum

204 1825 247 1891 ad
268 1825 493 1909 imperatorem
516 1824 711 1889 Romanum'
734 1823 854 1908 publici
869 1822 950 1888 iuris
965 1823 1053 1890 iacta
1067 1829 1146 1906 erat,
1172 1843 1255 1906 quae
1272 1822 1494 1906 duodeviginti
1509 1823 1657 1891 versibus
1672 1824 1841 1910 Cerippeis

202 1943 449 2030 interpolatione
471 1943 643 2010 audaciore
666 1943 842 2029 inquinatis
864 1943 914 2008 ΠΙ
936 1944 1107 2007 tvl-288
1135 1943 1312 2010 constabat.
1360 1917 1486 2009 Sidonii
1508 1943 1682 2010 editionem
1705 1945 1840 2030 primam

205 2083 245 2132 ae
266 2071 342 2130 tunc
363 2062 516 2148 temporis
539 2063 666 2130 unicam
689 2063 767 2147 quin
789 2063 922 2129 Ruizius
945 2061 1079 2145 noverit,
1109 2061 1251 2128 dubitari
1273 2063 1395 2145 nequit.
1441 2063 1619 2148 Epistulam
1642 2064 1730 2147 regis
1752 2065 1842 2130 Ava-

205 2205 276 2250 rum
299 2203 372 2250 eum
394 2183 593 2268 inspexisse,
626 2183 845 2265 lectionesque
874 2201 894 2247 a
924 2181 1034 2248 codice
1064 2201 1121 2248 suo
1144 2181 1364 2267 discrepantes
1386 2182 1535 2249 editionis
1558 2184 1591 2249 in
1613 2184 1759 2269 margine
1782 2184 1843 2251 ad-

203 2310 346 2385 notasse,
371 2303 444 2387 quis
466 2310 574 2385 neget,
601 2302 657 2384 qui
678 2302 784 2386 ipsam
806 2302 897 2368 illam
921 2321 1105 2386 perversam
1128 2321 1241 2368 versus
1263 2303 1313 2367 III
1336 2304 1398 2367 280
1421 2302 1555 2372 formam

619 2421 732 2488 didicit
754 2421 899 2487 dominos
922 2420 1078 2506 patientia
1099 2420 1183 2487 ferre

203 2542 238 2610 in
252 2542 399 2628 Epistola
421 2542 508 2626 regis
523 2543 665 2608 Avarum
688 2547 799 2608 extare
822 2539 961 2607 viderit?
993 2540 1115 2619 Quodsi
1137 2541 1303 2608 meliorem
1325 2549 1450 2609 tantum
1471 2543 1562 2610 illam
1584 2563 1698 2610 versus
1713 2543 1761 2609 III
1778 2546 1840 2610 280

204 2662 374 2729 lectionem
397 2663 552 2730 Ovetensi
574 2661 704 2744 deberi,
737 2662 963 2746 interpolatam
986 2659 1195 2727 Santonensis
1219 2661 1339 2727 codicis
1362 2681 1435 2729 esse
1458 2663 1682 2749 pernovimus,
1717 2673 1842 2731 ceteras

203 2781 300 2848 etiam
331 2801 480 2847 versuum
503 2782 553 2846 ΠΙ
576 2783 746 2846 271—288
770 2781 924 2848 lectiones
946 2779 1074 2863 futiles,
1106 2800 1189 2863 quae
1212 2788 1244 2846 et
1265 2781 1417 2847 editionis
1439 2783 1616 2852 Ruizianae
1637 2784 1672 2849 in
1694 2784 1840 2870 margine

203 2901 291 2968 etin
313 2902 460 2986 Epistola
481 2901 568 2986 regis
590 2901 732 2967 Avarum
754 2901 970 2983 inveniuntur,
997 2900 1057 2966 soli
1081 2899 1284 2984 Santonensi,
1310 2921 1373 2967 non
1396 2902 1560 2986 Ovetensi,
1588 2901 1835 2970 vindicabimus.

204 3019 361 3088 Adscribe
384 3021 443 3087 has
466 3021 620 3087 lectiones
642 3040 810 3106 perperam
833 3020 897 3086 huc
918 3039 1020 3104 usque
1043 3019 1196 3086 Ovetensi
1218 3019 1383 3086 addictas:

539 3144 731 3205 Matritensis
1241 3162 1348 3225 margo
1368 3119 1449 3204 liaris
1478 3143 1529 3222 (cm
1553 3144 1746 3225 Santonensrl

204 3241 517 3326 Intremuere,
544 3243 663 3310 frustra
684 3242 783 3309 celsis
806 3241 988 3327 Babylonia
1010 3262 1082 3306 mu·
1160 3263 1201 3309 ue
1231 3243 1311 3309 iorie
1341 3244 1480 3310 excelsis
1509 3243 1629 3310 frustra
1657 3243 1839 3330 Babylonia

401 3345 445 3410 ris
468 3344 572 3412 cincta
594 3346 685 3426 ieret,
1201 3345 1300 3410 muris
1324 3346 1428 3412 cincta
1449 3346 1531 3413 ieret

276 3448 338 3511 282
360 3448 577 3532 hibemasque
610 3449 702 3514 nives
736 3467 849 3513 cursus
879 3467 943 3530 qua
972 3447 1078 3514 frenat
1156 3447 1839 3544 bibemosoursusquandoreirenataqua-

398 3571 554 3634 aquarum
1198 3571 1268 3616 rum

274 3654 335 3718 284
360 3652 498 3719 vidimus
522 3661 672 3720 extensos
695 3653 798 3720 vitrea
819 3653 981 3720 testudine
995 3673 1076 3739 pon-
1155 3653 1294 3719 vidimus
1307 3660 1449 3722 ettectos
1465 3655 1568 3722 vitrea
1582 3654 1743 3772 testudine
1759 3675 1839 3740 pou-

398 3763 448 3822 tes
1197 3762 1247 3822 tes

275 3861 336 3924 287
360 3865 513 3943 cognatos
536 3859 649 3925 latices
672 3858 802 3926 laticum
823 3867 972 3926 concreta
986 3866 1080 3944 tege·
1159 3864 1313 3942 cognatos
1341 3858 1455 3925 latices
1482 3857 1614 3925 laticum
1636 3878 1707 3926 oum
1731 3867 1839 3926 crusta

400 3962 479 4027 bani
1109 3965 1120 3988 ⁸
1200 3962 1332 4044 tegebat

205 4080 361 4148 Omnibus
395 4081 447 4147 his
480 4081 669 4147 lectionibus
703 4082 884 4166 segregatis
917 4080 1102 4165 quindecim
1128 4088 1231 4147 *nome
1264 4080 1402 4166 margini
1435 4081 1559 4166 primae
1595 4081 1746 4148 editionis
1779 4082 1839 4148 ad-

203 4200 341 4286 scriptae
373 4208 554 4285 supersunt.
601 4202 649 4268 Ac
677 4202 780 4268 tribus
810 4201 939 4286 quidem
969 4201 1049 4266 locis
1078 4200 1229 4268 111323.
1263 4202 1339 4265 346.
1372 4203 1434 4266 393
1464 4199 1637 4284 fragmenti
1667 4201 1838 4269 Ovetensis

201 4320 340 4387 lectione
370 4321 405 4386 in
433 4327 555 4386 textum
585 4329 715 4406 recepta
743 4321 875 4386 Ruiaius
906 4341 963 4403 ea,
978 4343 979 4348 ¹
996 4339 1079 4405 quae
1107 4321 1142 4386 in
1172 4340 1230 4386 suo
1253 4319 1362 4386 codice
1390 4319 1586 4404 (Matritensi)
1614 4321 1783 4387 invenerat
1804 4321 1837 4386 iu

202 4439 380 4525 marginem
403 4439 572 4523 relegavit,
599 4438 767 4506 duodecim
789 4440 868 4507 locis
891 4440 1030 4506 111276.
1054 4442 1128 4505 280.
1154 4443 1228 4505 284.
1255 4443 1328 4504 194.
1356 4442 1430 4504 344.
1457 4441 1531 4504 350.
1558 4442 1631 4504 365.
1659 4442 1733 4505 368.
1760 4442 1834 4505 371.

203 4561 278 4624 371.
305 4561 379 4625 376.
405 4562 468 4624 390
497 4559 592 4625 lectio
621 4559 811 4644 marginalis
839 4560 1019 4644 fragmento
1045 4559 1199 4626 Ovetensi
1229 4559 1373 4626 debetur.
1421 4558 1490 4624 Iam
1520 4560 1561 4625 de
1594 4559 1836 4644 ‘antiquissimo

200 4680 257 4745 illo
280 4679 441 4745 volumine
465 4678 636 4744 Ovetensis
658 4679 843 4762 Ecclesiae,
877 4680 933 4745 ubi
961 4679 1121 4745 orationes
1151 4679 1253 4763 legati
1276 4681 1417 4745 Avamm
1444 4686 1476 4745 et
1497 4679 1612 4746 Iustini
1634 4679 1836 4763 imperatoris

202 4800 472 4881 continebantur',
495 4773 659 4864 ¹iudicium
690 4799 803 4884 laturi,
837 4800 865 4865 si
887 4799 1107 4865 Matritenscm
1131 4799 1228 4864 eiiam
1251 4798 1396 4865 codicem
1419 4779 1613 4865 Ovetenrem
1637 4799 1712 4865 olim
1734 4799 1836 4864 fuisse

201 4917 453 4999 meminerimus,
479 4919 560 4985 duos
582 4919 641 4985 hos
663 4919 762 4985 libros
784 4919 947 4985 artissima
967 4919 1051 4985 inter
1073 4938 1108 4984 se
1130 4916 1288 4984 affinitate
1309 4918 1493 4984 coniunctos
1516 4919 1618 4985 luisse
1633 4938 1836 5003 nequaquam

201 5038 398 5105 mirabimur.
447 5039 540 5104 Locis
566 5046 716 5121 quattuor
737 5038 934 5105 Matritensis
956 5038 1051 5104 lectio
1072 5039 1178 5124 prima
1200 5058 1296 5105 manu
1320 5046 1454 5105 exarata
1476 5059 1548 5105 eum
1571 5039 1725 5106 Ovetensi
1747 5038 1837 5121 frag-

201 5165 309 5224 mento
331 5157 494 5243 conspirat
506 5160 561 5242 ¹⁵J:

290 5417 320 5466 14
351 5419 384 5470 ci.
424 5419 518 5468 ,L111.

290 5417 331 5564 15}
350 5503 388 5552 lle
405 5431 466 5566 {uls
484 5503 549 5553 torte
567 5503 683 5552 Butrium
702 5504 738 5551 lll
757 5501 816 5552 284.
838 5502 898 5553 344.
920 5503 969 5552 ³50
993 5504 1149 5553 Matritensis
1167 5519 1257 5554 manus
1275 5506 1369 5567 primae
1388 5506 1521 5554 lectionem
1539 5505 1645 5566 margini
1662 5505 1833 5566 adscripsisse,

200 5589 352 5639 ovetensem
371 5603 427 5638 eum
441 5590 552 5638 secunda
563 5589 720 5638 Matritensis
736 5602 812 5637 manu
825 5590 982 5637 consensisse
994 5590 1083 5650 emdat,
1105 5593 1250 5640 meminisse
1262 5592 1362 5640 iuvabit
1372 5591 1500 5651 Rulzium,
1521 5590 1668 5652 ubieunque
1680 5589 1836 5638 Matritensis

200 5679 299 5723 tentum
318 5676 396 5723 altera
414 5689 490 5724 manu
508 5675 670 5724 immutatum
689 5677 838 5735 invenisset,
861 5675 933 5723 alteri
951 5677 1037 5724 manui
1057 5675 1103 5725 soli
1119 5678 1254 5738 confidere,
1274 5679 1381 5740 priorem
1395 5689 1494 5738 prorsus
1507 5677 1640 5738 neglegere
1653 5677 1755 5726 solitum
1768 5689 1832 5724 esse.

279 5772 310 5814 Co
311 5783 398 5815 rrrrrrr
1609 5776 1627 5830 h
