4508 6434
714 402 944 461 IOHANNIDOS
962 407 1033 462 LIB.
1054 407 1133 464 VIII.
1157 408 1242 474 (Vll).

554 599 586 656 et
609 591 718 658 Latias
741 593 787 659 sio
809 615 904 681 posce
926 616 1052 663 manus.
1098 597 1143 662 ibi
1166 598 1323 681 sangnine
1345 597 1445 663 multo

554 694 740 761 certandum
763 705 824 764 est.
870 699 1012 782 reliquas
1035 698 1139 784 acics,
1165 722 1228 784 qua
1250 708 1356 767 castra
1377 700 1536 767 nefandus

555 797 675 864 Ousina
697 799 808 868 ductor
831 803 944 886 habet,
971 804 1149 870 condensas
1173 804 1342 870 Guarsana
1364 804 1470 872 ducat.

554 899 605 966 hic
627 923 751 986 quoque
774 911 861 972 certa
882 927 997 972 manus
1019 907 1156 973 Romani
1176 908 1287 973 militis
1308 907 1411 974 ardet.

554 1010 604 1071 est
626 1005 722 1072 ctiam
745 1007 810 1074 dux
832 1009 902 1095 ipse
925 1009 1031 1095 ferox,
1058 1010 1242 1096 disperdere
1265 1017 1378 1096 gentes

554 1109 698 1175 Romana
719 1132 776 1197 pro
799 1121 1047 1199 protoparens,
1074 1114 1149 1180 dum
1172 1115 1299 1200 plaudit
1320 1116 1474 1181 honorum

553 1211 682 1278 inflatus
704 1214 825 1299 titulis,
852 1216 927 1282 dum
950 1216 1065 1283 dicitur
1087 1236 1159 1284 csse
1182 1219 1352 1302 magister,

553 1316 628 1382 dum
651 1321 909 1404 consanguineus
931 1321 1059 1405 genitus
1082 1320 1123 1387 de
1145 1328 1245 1387 matre
1268 1323 1393 1388 Latina.

554 1421 614 1486 hac
637 1421 698 1487 sibi
721 1422 817 1488 laude
840 1425 971 1507 placens
993 1423 1083 1490 fortis
1105 1424 1252 1508 fidusque
1275 1424 1378 1491 videri

553 1525 622 1589 vult
642 1525 789 1591 inimicus
812 1533 912 1593 atrox.
960 1527 1043 1593 alios
1065 1548 1125 1594 nec
1146 1528 1287 1594 nominet
1308 1529 1416 1595 hostes

553 1627 603 1692 his
627 1628 719 1694 victis
741 1630 915 1696 Nasamon.
964 1632 1068 1697 cuncti
1090 1638 1147 1698 tua
1170 1637 1275 1698 castra
1296 1638 1478 1715 sequentur.

553 1731 600 1796 sic
621 1731 749 1798 dabitur
769 1734 884 1799 nostris
906 1734 997 1801 fortis
1018 1735 1152 1802 victoria
1173 1735 1300 1819 signis’.

554 1835 686 1901 consilio
709 1855 876 1903 assensere
899 1838 976 1920 viri,
1003 1845 1180 1922 gentesque
1202 1838 1362 1906 nefandae

553 1938 746 2005 infremuere
768 1940 902 2023 animis,
928 1948 1108 2026 acuuntque
1131 1942 1165 2008 ln
1186 1943 1308 2027 proelia
1330 1949 1463 2008 mentes.

639 2042 782 2108 condidit
803 2044 890 2110 unde
913 2044 998 2110 diem
1022 2045 1159 2111 Oceano.
1207 2066 1270 2112 nox
1292 2053 1362 2112 atra
1386 2051 1495 2110 secuta
1517 2052 1576 2111 est.

553 2153 628 2212 tunc
649 2147 798 2214 Phoebus
821 2147 976 2214 disiunxit
998 2168 1114 2232 equos,
1140 2156 1216 2215 tunc
1238 2150 1377 2233 Cynthia
1397 2149 1518 2232 iunxit,

554 2249 629 2315 dum
652 2257 785 2316 renovat
806 2258 932 2318 nostras
955 2252 1051 2317 vires.
1099 2252 1180 2319 haec
1202 2253 1306 2336 surgit
1326 2253 1367 2318 ab
1390 2251 1502 2334 undis,

553 2353 707 2437 mergitur
727 2354 810 2420 alter
831 2354 934 2436 aquis.
980 2354 1141 2441 placidam
1163 2377 1221 2441 per
1243 2356 1386 2421 membra
1407 2355 1546 2440 quictem

554 2457 670 2542 accipit
691 2478 783 2524 omne
806 2477 926 2542 genus,
954 2458 1102 2542 dulcique
1124 2460 1282 2545 impressa
1304 2479 1417 2544 sopore

553 2567 660 2626 cetera
680 2581 738 2646 per
760 2580 890 2646 campos
913 2560 1009 2628 fessis
1030 2563 1184 2629 animalia
1205 2563 1357 2628 membris

554 2683 684 2730 somnus
707 2665 848 2731 habebat
868 2665 972 2748 iners,
996 2665 1138 2751 pecudes
1160 2667 1329 2750 variasque
1351 2667 1499 2731 volucres

553 2767 785 2852 honibilosque
808 2767 893 2834 feras
916 2769 1105 2853 gelidosque
1128 2770 1161 2834 in
1184 2770 1275 2836 litore
1297 2770 1419 2856 pisces,

554 2891 625 2936 cunr
648 2870 728 2954 vigil
750 2871 945 2955 insomnem,
971 2871 1112 2956 flagrans
1134 2872 1199 2937 iam
1222 2872 1339 2954 Marte,
1365 2873 1525 2938 lohannes

553 2974 691 3041 ducebat
712 2981 855 3058 noctem,
881 2983 1036 3059 cautoque
1059 2976 1093 3041 iu
1115 2982 1241 3061 pectore
1264 2977 1377 3043 sollers

553 3078 705 3145 volvebat
725 3098 878 3162 magnas,
905 3079 1097 3164 dispensans
1119 3079 1247 3163 ordine,
1273 3099 1376 3146 curas.

553 3202 648 3266 quem
670 3182 760 3248 iuxta
783 3182 912 3267 sapiens
934 3183 1122 3248 Recinarius
1144 3183 1272 3249 horrida
1294 3183 1382 3250 bella

553 3292 680 3370 pectore
701 3286 860 3370 pensabat
880 3284 1024 3371 placido,
1052 3305 1211 3369 sensuque
1233 3287 1343 3370 sagaci

553 3407 742 3475 percurrens
765 3389 872 3455 varies
895 3389 1060 3471 relegebat
1080 3389 1113 3454 in
1137 3389 1249 3455 ordine
1270 3408 1397 3456 causas.

554 3491 687 3557 alternis
708 3492 833 3558 animos
855 3493 1044 3560 relevabant
1064 3493 1195 3559 vocibus
1216 3494 1326 3574 ambo,

554 3602 727 3678 mutuaque
751 3616 791 3662 ex
812 3597 914 3664 oculis
936 3598 1067 3664 arcebat
1087 3597 1199 3664 fabula
1221 3616 1358 3663 somnos.

554 3721 573 3766 o
595 3699 742 3783 quotiens
764 3698 905 3767 habuere
928 3720 1056 3787 preces,
1083 3701 1308 3785 dominumque
1330 3707 1490 3787 potentem

555 3824 612 3889 pro
635 3823 758 3885 rerum,
784 3805 912 3890 populi,
938 3804 1060 3890 Libyae
1082 3805 1274 3890 propriaque
1297 3804 1401 3870 salute

556 3927 627 3972 curn
651 3907 791 3972 lacrimis
814 3907 936 3992 petiere
959 3908 1028 3974 dini
1056 3928 1117 3974 nec
1138 3907 1243 3973 fundit
1264 3907 1377 3974 inanes

555 4011 654 4077 tristis
676 4017 810 4094 uterque
833 4031 956 4095 preces.
1003 4017 1130 4077 orantes
1153 4010 1235 4077 vidit
1255 4011 1297 4076 ab
1320 4013 1387 4076 alta

555 4115 632 4181 sede
653 4121 762 4199 pater,
788 4121 944 4180 terrarum
967 4115 1074 4180 orbam
1098 4114 1153 4196 qni
1175 4114 1309 4180 fulmine
1331 4121 1446 4198 torret,

556 4225 588 4284 et
609 4217 705 4284 finem
727 4217 879 4303 imposuit
900 4224 988 4284 tanto
1010 4224 1083 4304 post
1104 4218 1191 4283 bella
1213 4217 1326 4283 labori.

641 4320 869 4386 Marmaridum
891 4321 1014 4387 interca
1036 4321 1199 4387 nocturnis
1221 4319 1333 4386 dedita
1355 4321 1454 4386 sacris

557 4431 662 4489 castra
683 4423 839 4509 fremunt,
866 4431 1074 4509 statuuntque
1097 4443 1188 4507 aras,
1215 4431 1247 4490 et
1267 4425 1377 4490 inania
1399 4431 1534 4510 poscunt

556 4527 697 4593 numina.
745 4529 924 4613 producunt
946 4529 1088 4615 pecudes
1110 4527 1225 4593 altaria
1248 4527 1383 4611 circum,

556 4637 589 4697 et
610 4630 749 4696 fundunt
770 4632 921 4698 miserum
944 4632 1022 4697 rivis
1044 4652 1103 4718 per
1124 4637 1217 4716 prata
1240 4651 1393 4697 cruorem.

556 4735 589 4799 hi
612 4741 754 4801 mactant
775 4735 904 4820 Gurzil,
929 4735 1023 4802 multi
1045 4735 1121 4818 tibi,
1148 4735 1295 4819 corniger
1315 4733 1469 4818 Ammon,

556 4838 590 4902 hi
612 4836 750 4904 Sinilere
774 4839 900 4922 colunt,
927 4859 1022 4923 quem
1044 4838 1159 4903 Mazax
1181 4837 1311 4902 nurnine
1334 4837 1445 4903 Martis

556 4941 672 5026 accipit
694 4947 789 5024 atque
812 4942 908 5007 deum
931 4942 1009 5007 belli
1031 4947 1124 5027 putat
1146 4960 1218 5007 csse
1241 4947 1423 5026 potentem,

556 5045 728 5110 Mastiman
750 5043 817 5110 alii.
864 5046 1047 5112 Maurorum
1069 5046 1130 5112 hoc
1151 5044 1278 5111 nomine
1301 5051 1415 5128 gentes

240 5220 290 5270 265
309 5236 358 5284 qna
374 5221 460 5280 Bekis„
481 5233 529 5282 quo
551 5221 571 5266 T
674 5219 725 5268 266
743 5233 825 5268 cosma
845 5221 866 5266 T
969 5220 1019 5269 269
1037 5220 1137 5283 plaudit
1155 5220 1240 5280 Balla,
1260 5221 1362 5282 plaudet
1382 5220 1403 5265 T
1516 5218 1565 5268 269
1584 5225 1681 5268 nostras
1702 5220 1790 5282 Mora,

172 5313 256 5357 nostra
276 5308 305 5368 Τ,
327 5322 375 5356 nox
394 5313 447 5355 atra
466 5307 597 5355 Mommun
712 5313 796 5367 surget
817 5307 838 5352 Τ
970 5305 1016 5356 261
1038 5307 1134 5369 placida
1155 5307 1174 5352 Τ
1309 5305 1359 5355 289
1377 5307 1443 5354 lustu
1463 5306 1484 5352 Τ
1621 5307 1753 5355 ricinsrius
1774 5307 1795 5354 Τ

172 5394 218 5443 291
240 5395 321 5442 uarias
341 5394 370 5454 T,
392 5395 472 5442 uarios
493 5393 571 5443 Muza.
676 5407 762 5440 causas
783 5394 811 5452 T,
832 5407 903 5442 casus
922 5393 1002 5443 Musa.
1108 5392 1158 5442 294
1176 5393 1274 5455 quoties
1296 5394 1315 5439 Τ
1419 5392 1528 5440 habuero
1546 5407 1631 5456 preces
1650 5392 1791 5452 Mommsen,

172 5481 269 5528 habiero
288 5494 361 5542 pares
382 5481 411 5538 Τ,
432 5481 515 5530 abiere
533 5494 606 5542 pares
626 5479 704 5529 Meas.
818 5479 868 5528 296
886 5481 954 5528 ludit
971 5481 1088 5528 dalilam
1108 5479 1185 5528 Moza.
1299 5479 1348 5528 297
1368 5479 1507 5541 prerepsT
1611 5479 1659 5528 uos
1679 5481 1719 5526 hic
1740 5481 1759 5526 Τ

173 5567 245 5615 multi
263 5570 357 5628 scalpsi,
378 5567 432 5615 mltl
447 5568 477 5629 T,
498 5569 551 5615 miti
570 5569 628 5626 lepti
642 5565 731 5628 Mean,
752 5567 789 5612 illi
803 5566 879 5617 Belle.
985 5565 1035 5615 305
1054 5567 1080 5614 lri
1100 5567 1209 5616 Sinllere
1227 5569 1320 5627 scrr'psi,
1341 5567 1368 5614 lri
1386 5567 1465 5614 nitere
1484 5567 1510 5612 irs
1528 5565 1651 5626 hignilere
1666 5572 1676 5614 1
1692 5583 1725 5615 m.
1740 5583 1794 5614 mu-

171 5658 252 5702 tulam
271 5653 300 5714 Τ,
321 5654 446 5712 hignilero
464 5656 529 5714 lepti,
549 5653 701 5714 igniferiquc
720 5655 815 5713 scripsit
835 5653 925 5715 Moza,
945 5652 986 5700 scd
1003 5652 1040 5713 cf,
1061 5653 1101 5700 Ν
1116 5655 1164 5701 681
1299 5667 1374 5717 quem
1392 5655 1487 5717 scripsi,
1507 5665 1571 5716 qnae
1592 5652 1612 5700 T
1746 5667 1794 5702 nu-

171 5740 239 5787 miue
260 5739 288 5798 Τ,
311 5741 415 5786 numius
433 5739 509 5788 Muza.
617 5739 666 5787 996
685 5746 811 5802 petentem
832 5740 853 5787 T
957 5739 1005 5788 307
1025 5741 1107 5804 geritis
1129 5740 1149 5790 Τ
1846 5733 1848 5738 ’
