4508 6434
745 443 977 500 lOHANNlDOS
997 445 1068 502 LIB.
1090 447 1139 503 lv.
1160 446 1194 501 V.
1219 446 1289 513 (lv).

421 677 424 684 r
588 633 705 699 extulit
725 634 895 720 ignivagos
917 636 1035 718 gelidis
1058 643 1092 700 ut
1115 643 1258 701 maestus
1279 635 1321 700 ab
1344 635 1438 701 undis

459 753 489 793 ·ι
587 736 736 802 Phoebus
759 757 876 820 equos,
902 746 1035 822 patuere
1058 738 1136 803 doli.
1183 745 1259 803 tunc
1281 737 1376 821 signa
1396 739 1525 822 tyranni

586 838 743 922 vidimus,
770 840 850 919 heu,
876 841 986 906 miseri
1008 841 1124 906 nostris
1147 859 1311 906 occurrere
1335 841 1437 924 signis

586 947 618 1006 et
639 941 714 1006 totis
736 942 867 1008 rabidos
890 944 1012 1028 campis
1034 943 1214 1008 fervescere
1236 943 1376 1008 Mauros.

584 1063 643 1108 nos
665 1045 818 1129 pavidum
841 1066 990 1112 revocare
1014 1045 1141 1130 pedem.
1187 1066 1262 1111 nam
1285 1047 1399 1111 sistere
1421 1051 1531 1111 contra

583 1147 656 1229 quis
678 1154 825 1232 poterat?
869 1149 1013 1232 sequitur
1035 1149 1170 1232 pavidas
1194 1169 1252 1232 per
1273 1155 1365 1233 prata
1386 1156 1533 1215 cateruas

583 1250 718 1315 Antalas
741 1252 925 1335 Stutiasquc
948 1251 1069 1317 furens.
1117 1251 1170 1316 via
1192 1252 1283 1316 nulla
1305 1252 1437 1334 salutis,

582 1359 615 1418 et
635 1353 756 1419 densus
778 1355 919 1440 trepidos
943 1373 1083 1438 urguens
1104 1355 1312 1421 circumvolat
1334 1355 1446 1420 hostis.

581 1477 667 1521 mors
690 1463 759 1522 erat
779 1465 855 1523 ante
877 1459 1002 1540 oculos,
1029 1465 1062 1523 et
1083 1478 1176 1543 opem
1199 1457 1264 1523 fors
1286 1459 1367 1523 dura
1389 1459 1539 1542 negabat.

581 1579 599 1622 o
623 1559 743 1625 utinam
767 1561 872 1626 medio
895 1560 1071 1626 iacuissent
1093 1560 1208 1626 funera
1230 1565 1358 1645 campo!

580 1661 721 1728 dedecus
742 1663 912 1745 indiguum
934 1663 1051 1729 nostris
1074 1664 1183 1747 procul
1206 1670 1293 1729 esset
1314 1663 1356 1728 ab
1377 1663 1486 1728 armis.

580 1772 705 1830 erectus
727 1766 852 1832 medius
875 1766 962 1831 felici
984 1767 1086 1832 Marte
1108 1766 1270 1832 Iohannes

579 1868 735 1934 occubuit.
782 1869 886 1934 fastus
909 1869 1115 1934 domininon
1138 1868 1269 1953 pertulit
1290 1869 1390 1935 hostis

578 1977 662 2036 sorte
685 1971 771 2056 pari,
798 1989 892 2037 enses
915 1992 973 2037 nec
995 1972 1102 2037 timuit
1123 1972 1268 2056 captivus
1291 1972 1420 2038 heriles.
1523 2046 1524 2049 Ἴ

577 2094 655 2157 crgo
677 2095 736 2160 per
757 2081 906 2141 extensos
928 2074 1058 2160 fugiens
1080 2075 1281 2159 compellitur
1302 2094 1397 2158 agros

578 2197 703 2243 currere
726 2177 816 2244 fortis
839 2197 953 2262 equus.
999 2178 1109 2243 crebro
1131 2185 1225 2243 sonat
1246 2178 1368 2261 ungula
1389 2197 1504 2258 cornu,

577 2287 673 2362 atque
696 2281 774 2346 feris
796 2280 931 2366 pavidos
952 2288 1068 2364 urguet
1090 2281 1130 2346 de
1153 2281 1313 2347 montibus
1336 2280 1449 2345 hostis.

577 2384 680 2448 ardua
701 2392 807 2450 castra
829 2384 914 2468 gerit
936 2384 1059 2468 campis
1082 2384 1186 2450 Cebar
1207 2383 1319 2449 addita
1340 2383 1470 2468 apertis.

577 2486 640 2551 huc
661 2487 844 2554 miseranda
866 2505 980 2552 marrus
1002 2487 1109 2552 frenos
1132 2486 1264 2553 deflexit
1286 2507 1450 2570 equorum.

576 2608 647 2654 cum
670 2590 797 2656 miseris
818 2591 921 2656 terruit
942 2589 1036 2656 miles
1059 2591 1193 2656 castella
1214 2589 1364 2662 tribunis.

576 2691 641 2757 dux
664 2700 735 2759 erat
755 2699 788 2759 et
809 2693 947 2759 medius.
993 2713 1053 2758 nec
1074 2693 1166 2758 nobis
1190 2691 1342 2758 claudere
1366 2697 1473 2777 portas

574 2814 651 2860 cura
673 2795 745 2862 fuit.
791 2802 933 2862 tutsmus
956 2815 1055 2879 equos
1077 2815 1249 2880 pugnaque
1272 2793 1415 2879 pedestri

574 2898 732 2982 cingimur
753 2906 786 2965 ct
805 2899 899 2965 tectis
921 2899 1088 2966 venientes
1109 2898 1261 2983 pellimus
1287 2898 1405 2963 hostes.

573 3000 732 3067 irruerant
752 3002 874 3085 gemini
895 3003 988 3068 turba
1011 3007 1145 3067 coeunte
1168 3000 1295 3084 tyranni

573 3103 827 3189 Laguantanque
849 3105 962 3171 cohors
985 3112 1019 3171 et
1040 3104 1150 3170 densis
1172 3104 1288 3169 Naffur
1308 3103 1342 3168 in
1363 3102 1472 3168 armis.

572 3213 647 3272 tunc
671 3207 811 3290 Studes,
837 3226 970 3273 saevum
992 3207 1117 3291 fingens
1141 3225 1342 3292 compescere
1364 3205 1501 3289 bellum,

571 3309 604 3374 in
627 3310 751 3376 medias
773 3311 860 3376 acies
883 3309 991 3376 stricto
1014 3310 1103 3375 volat
1125 3309 1241 3392 igneus
1264 3328 1352 3374 cnse.

571 3413 724 3479 admonet
745 3421 815 3479 arte
837 3412 922 3480 feros
946 3413 1067 3498 campis
1091 3412 1248 3479 desistere
1270 3412 1417 3492 Mauros,

570 3523 603 3581 et
624 3516 752 3583 cohibet
773 3524 917 3601 sumptas
939 3516 1081 3581 infandis
1104 3515 1236 3581 vocibus
1258 3515 1333 3579 iras.

569 3619 747 3685 discessere
770 3619 860 3686 locis.
908 3621 997 3685 stetit
1017 3618 1184 3702 improbus
1206 3637 1326 3701 aggere
1349 3617 1437 3682 celso
1516 3651 1517 3654 π

569 3743 627 3788 ceu
650 3722 816 3807 placidus,
842 3723 971 3788 blandis
993 3722 1140 3788 humatis
1161 3728 1290 3806 pectora
1311 3720 1419 3785 verbis

442 3849 472 3886 ιι
567 3825 740 3910 impellens
761 3824 805 3890 ad
826 3825 924 3890 bella.
973 3825 1068 3890 simul
1091 3823 1245 3909 promittit
1267 3831 1300 3890 ct
1320 3829 1437 3906 urguet

568 3928 774 4011 hortaturque
797 3929 882 3993 viros
905 3928 1002 3993 variis
1024 3929 1067 3994 ad
1090 3928 1178 3993 bella
1199 3927 1322 4010 figuris.

567 4052 651 4096 nuuc
672 4031 837 4112 minitans,
863 4051 947 4096 nunc
970 4029 1109 4096 blandus
1132 4031 1236 4096 adest.
1283 4037 1401 4095 terrore
1425 4028 1548 4094 subacti

566 4134 724 4218 proiciunt
746 4153 804 4199 sua
826 4134 892 4200 tela
914 4133 992 4216 viri,
1015 4133 1218 4218 genibusque
1240 4132 1370 4217 tyranni

565 4244 735 4302 accurrunt
757 4237 896 4318 celeres,
924 4243 956 4302 et
977 4237 1082 4302 amica
1103 4256 1181 4302 uoce
1204 4236 1357 4302 salutent.

565 4339 599 4404 in
621 4339 757 4405 ducibus
779 4340 844 4406 iam
865 4340 957 4405 nulla
980 4339 1080 4404 salus.
1127 4339 1205 4423 quid
1228 4345 1342 4404 cuncta
1364 4337 1506 4403 rcferrc'l

566 4464 694 4510 oramus
716 4444 856 4510 veniam.
904 4443 999 4509 datur
1020 4442 1118 4508 ilicet.
1166 4442 1292 4525 egimus
1314 4442 1423 4508 hostes

564 4566 623 4630 per
645 4547 743 4611 vitam
765 4547 871 4614 iurare
895 4566 997 4612 suam.
1045 4547 1151 4612 fecere
1173 4546 1287 4612 coacti.

564 4649 716 4715 finximus
736 4649 879 4714 infandis
901 4649 1002 4715 veluti
1025 4649 1144 4714 servire
1167 4649 1324 4732 tyrannis.

564 4752 846 4836 Iustinianopolis
869 4752 976 4818 saevis
999 4759 1074 4817 tunc
1095 4751 1213 4817 hadita
1236 4752 1356 4838 Mauris

565 4861 649 4920 sorte
672 4856 732 4920 sub
754 4855 897 4939 ancipiti.
945 4855 1101 4919 sociorum
1124 4853 1251 4920 flectere
1274 4861 1399 4921 mentes

562 4965 636 5041 post
658 4957 748 5022 licuit
770 4977 827 5042 per
849 4959 948 5023 verba
969 4956 1060 5022 mihi.
1108 4957 1279 5023 Marturius
1301 4979 1367 5023 una

562 5061 694 5126 consilio
717 5067 859 5127 maturus
882 5068 961 5126 erat.
1009 5061 1230 5146 compellimus
1253 5063 1347 5127 ambo

180 5223 196 5230 ι..
205 5225 570 5234 ...n-am*
577 5230 587 5234 -

244 5317 277 5367 25
295 5321 393 5382 putuerl
414 5321 434 5368 Τ
554 5320 581 5370 31
605 5321 763 5368 circumuolat
785 5319 806 5365 Τ
925 5319 957 5369 34
976 5320 1075 5369 deletus
1098 5321 1118 5367 Τ
1238 5319 1270 5368 35
1289 5327 1388 5368 erectus
1407 5319 1437 5381 Τ,
1465 5325 1568 5368 euectus
1591 5318 1706 5367 dubitem
1722 5320 1799 5371 cess.

175 5402 207 5453 36
225 5407 331 5454 occurrit
349 5405 427 5455 Matr.
569 5408 600 5455 tr
619 5407 693 5455 eriles
715 5406 735 5452 Τ
870 5405 903 5454 40
922 5408 1048 5455 montibus
1068 5405 1158 5464 Mass„
1186 5406 1296 5454 moribus
1317 5405 1338 5452 Τ
1457 5404 1537 5453 hostis
1554 5407 1650 5466 scripsi,
1675 5405 1760 5454 hostes
1782 5407 1803 5452 Τ

172 5489 202 5539 41
224 5491 307 5539 addita
325 5496 419 5554 scripsi,
440 5493 508 5541 addit
530 5493 551 5538 T
670 5491 702 5540 lc
722 5493 806 5540 miseri
825 5489 902 5541 Mau.
1025 5494 1110 5541 tenuit
1129 5492 1200 5541 miles
1218 5493 1318 5552 scripsi,
1339 5497 1444 5541 uouere
1462 5493 1535 5539 miles
1557 5491 1584 5551 Τ,
1605 5497 1709 5540 tenuere
1728 5494 1802 5554 squi-

171 5585 210 5624 tes
225 5578 366 5639 Mannum,
386 5583 491 5626 terrome
504 5579 581 5628 hillen
596 5578 673 5628 liures.
761 5579 856 5625 tribuni
872 5577 949 5626 Mass.
1045 5579 1077 5626 44
1096 5577 1319 5640 curetarum,
1339 5577 1471 5626 dixeratf'
1570 5576 1797 5638 roccataliata..

171 5666 242 5711 tetris
263 5663 290 5722 Τ,
311 5665 368 5712 telis
389 5664 467 5714 Mon.
574 5666 607 5712 is
627 5667 791 5725 leguantsque
814 5663 835 5709 Τ
938 5664 969 5711 5ῖ
989 5671 1081 5712 terrore
1101 5663 1190 5722 Maza,
1210 5671 1236 5711 et
1254 5677 1336 5712 errore
1357 5663 1378 5710 Τ
1481 5663 1515 5711 bb
1534 5665 1559 5711 iu
1578 5663 1684 5712 ducibus
1702 5667 1796 5726 scripsi,

171 5750 296 5798 ludiclbus
316 5749 336 5795 Τ
441 5749 474 5798 tt
493 5751 611 5798 maturius
633 5750 653 5796 Τ
