4546 6420
913 394 1143 452 raoosruvu.
1767 395 1848 462 XXI

211 625 280 684 tum
303 637 417 701 unam,
450 638 533 702 quae
556 619 626 684 sola
648 638 762 685 manus
785 638 856 684 cum
879 618 1025 684 hostibus
1047 626 1267 700 conseruerat,
1303 618 1337 684 in
1359 620 1527 685 castellum
1550 618 1711 704 quoddam
1733 642 1847 707 parurn

215 736 341 802 firmum
372 736 574 822 confugisse,
608 737 666 804 sed
696 738 807 823 paullo
829 746 902 824 post
924 758 996 804 cum
1019 739 1134 804 ceteris
1156 739 1304 805 omuibus
1326 738 1462 806 Himerii
1484 739 1642 805 militibus
1665 740 1788 807 Stutiac
1812 760 1847 808 se

218 854 384 923 dedidisse
413 863 446 923 et
474 858 647 942 Procopius
677 865 710 924 et
736 858 894 945 Corippus
924 859 1068 925 referunt
1076 859 1128 940 ⁹⁵).
1175 859 1335 938 Victoriae
1365 859 1462 926 huius
1491 859 1678 926 incruentae
1708 861 1846 928 fructum

215 976 389 1042 maximum
412 977 516 1043 Mauri
538 977 736 1044 Hadrumeto
765 984 920 1064 occupato
948 998 1137 1063 percepere,
1164 979 1255 1045 cuius
1284 987 1392 1064 portas
1414 979 1578 1046 Himerius
1600 981 1670 1066 ipse
1693 980 1843 1064 hostium,

214 1115 348 1179 quorum
379 1097 413 1162 in
436 1098 586 1164 manibus
614 1105 701 1180 erat,
733 1098 829 1164 minis
852 1099 982 1164 territus
1004 1119 1062 1183 per
1084 1099 1296 1184 proditionem
1319 1100 1534 1182 reseravitifl.
1581 1099 1736 1178 Quamvis
1758 1102 1846 1167 haud

213 1215 260 1281 ita
281 1217 382 1282 multo
405 1225 478 1302 post
501 1225 533 1283 et
555 1217 789 1283 Hadrumetum
811 1219 948 1320 Romani
971 1226 1197 1302 recuperarent
1216 1227 1249 1285 et
1270 1219 1407 1285 militurn
1430 1227 1605 1304 captorum,
1632 1221 1687 1303 qui
1710 1221 1846 1287 Stutiam

214 1337 441 1420 sequebantur,
474 1358 550 1422 pars
573 1358 693 1422 magua
714 1337 756 1403 ad
778 1338 980 1423 imperatoris
1003 1339 1178 1404 exercitum
1200 1346 1421 1422 reverteretur,
1451 1347 1559 1405 tamen
1581 1342 1678 1406 rebus
1700 1318 1847 1408 adversis

212 1454 306 1521 fracti
329 1456 464 1522 Romani
487 1457 521 1522 in
544 1477 673 1544 campos
695 1464 824 1542 apertos
846 1457 1020 1543 procedere
1042 1478 1106 1523 nou
1127 1458 1301 1541 audebant,
1327 1458 1386 1524 sed
1409 1459 1537 1544 oppidis
1559 1461 1690 1526 munitis
1713 1481 1748 1527 se
1772 1482 1847 1527 con-

213 1575 368 1642 tinebant.
415 1578 530 1661 Neque
552 1571 637 1643 enim
653 1578 797 1662 Sergius,
823 1597 918 1661 quem
935 1577 1106 1668 Solomone
1128 1585 1252 1644 mortuo
1268 1578 1465 1644 lastinianus
1480 1579 1610 1646 Africae
1632 1581 1843 1670 praefecerat,

215 1694 370 1762 militibus
398 1718 502 1782 neque
532 1697 652 1764 milites
681 1697 795 1781 Sergio
823 1697 1038 1764 confidebant.
1085 1698 1189 1764 hlauri
1217 1705 1343 1782 autem,
1377 1699 1493 1782 quibus
1523 1683 1616 1766 nemo
1647 1702 1843 1784 occurrebat,

213 1835 324 1882 omnes
354 1838 413 1901 per
433 1817 616 1902 provincias
638 1818 808 1883 Africanas
830 1817 1042 1900 vagabantur.
1091 1818 1236 1884 Tandem
1258 1818 1388 1885 Africae
1410 1819 1569 1885 laboranti
1592 1821 1846 1888 subveniendum

213 1953 285 2002 esse
315 1935 475 2003 intellexit
497 1938 704 2004 Iustinianus.
752 1940 795 2003 At
815 1958 880 2003 uon
909 1938 1100 2020 exercitum,
1135 1938 1193 2003 sed
1215 1938 1404 2023 magistrum
1427 1939 1565 2005 militum
1586 1941 1723 2007 alterum
1746 1942 1844 2020 misit,

212 2055 440 2140 Ariobindum,
478 2076 587 2124 senem
620 2078 726 2124 rerum
756 2057 943 2123 militarium
973 2079 1086 2143 parum
1116 2059 1315 2143 peritumlll.
1362 2059 1431 2124 Iam
1462 2059 1580 2144 copiis,
1617 2061 1733 2144 quibus
1765 2082 1848 2127 uuus

213 2175 348 2260 Sergius
370 2177 572 2262 praefuerat,
599 2177 712 2243 divisis
735 2178 850 2263 Sergio
872 2177 1026 2244 Numidia
1047 2178 1223 2263 provincia,
1250 2179 1427 2245 Ariobindo
1450 2180 1620 2263 Byzacena
1643 2180 1848 2247 defendenda

212 2296 354 2362 obvenit.
401 2297 449 2362 Ac
477 2296 610 2381 Sergius
639 2298 771 2383 quidem
801 2297 909 2363 statim
937 2297 971 2362 in
1000 2298 1187 2365 Numidiam
1217 2298 1367 2384 perrexit.
1414 2299 1609 2365 Ariobindus
1640 2307 1745 2366 autem
1777 2322 1849 2367 cum

212 2415 364 2481 Antalam
394 2424 426 2483 et
448 2417 585 2483 Stutiam
613 2437 712 2502 prope
736 2417 861 2482 Siccam
884 2418 1055 2496 Veneriam
1091 2421 1184 2502 (nunc
1206 2419 1237 2484 el
1260 2419 1337 2502 Kefl
1352 2423 1408 2502 ltl,
1442 2427 1548 2485 caetra
1577 2421 1727 2505 posuisse
1756 2421 1849 2487 audi-

212 2535 329 2618 visset,
361 2537 442 2602 nihil
471 2544 612 2603 moratus
634 2537 810 2604 Iohannem
834 2537 999 2604 Sisinnioli
1029 2538 1133 2603 filium
1162 2558 1235 2605 cum
1266 2538 1392 2605 delecta
1422 2539 1558 2605 militum
1588 2561 1684 2605 manu
1715 2561 1753 2606 eo
1774 2562 1850 2627 pro-

211 2655 305 2739 gredi
327 2656 438 2740 iussit,
472 2679 492 2722 a
514 2657 647 2744 Sergio,
679 2666 714 2725 ut
736 2658 845 2742 copias
871 2678 944 2724 cum
965 2659 1109 2725 Iohanne
1131 2658 1281 2742 iungeret
1301 2666 1334 2725 et
1355 2679 1421 2725 una
1442 2678 1514 2724 curu
1538 2679 1576 2726 eo
1599 2658 1708 2725 hostes
1731 2681 1850 2745 aggre-

212 2774 359 2856 deretur,
392 2777 508 2843 litteris
536 2778 661 2862 petivit.
716 2778 804 2857 Quas
834 2798 905 2844 cum
935 2776 1068 2863 Sergius
1098 2797 1227 2863 prorsus
1257 2779 1472 2862 neglexisset,
1504 2777 1658 2845 Iohannis
1689 2782 1849 2847 exercitus

211 2915 331 2981 parvus
354 2897 442 2964 solus
472 2917 543 2962 cum
572 2898 718 2964 hostibus
748 2918 880 2964 numero
910 2898 1007 2982 longe
1038 2897 1256 2984 superioribus
1286 2897 1440 2965 conflixit.
1487 2899 1633 2984 Procopii
1655 2900 1683 2966 si
1706 2901 1848 2966 historiis
1941 2907 1942 2910 ’

212 3016 290 3081 solis
313 3023 491 3100 uteremur,
525 3038 624 3103 prope
647 3017 774 3083 Siccam
803 3039 945 3103 pugnam
974 3018 1176 3084 commissam
1206 3039 1279 3086 esse
1307 3019 1390 3085 scire
1421 3019 1500 3085 satis
1529 3019 1732 3086 haberemus.
1782 3021 1854 3087 Sed,

211 3136 277 3201 alio
299 3157 317 3201 e
340 3135 427 3204 fonte
448 3138 558 3222 paullo
580 3138 762 3205 accuratius
784 3159 913 3224 pugnae
936 3138 1040 3204 locum
1063 3138 1322 3224 designabimus,
1352 3138 1489 3205 Victoris
1511 3141 1741 3207 lbnunnensis
1763 3141 1843 3222 loco,

212 3275 274 3338 quo
297 3256 444 3341 oppiduli
466 3257 509 3324 ad
530 3258 617 3340 quod
639 3259 801 3326 exercitus
823 3259 988 3343 congressi
1012 3266 1102 3343 suut,
1129 3279 1245 3326 nomeu
1266 3259 1441 3324 memoriae
1463 3259 1616 3325 traditum
1639 3265 1754 3345 catal:
1806 3325 1807 3328 ,

301 3395 392 3478 ‘post
417 3396 618 3461 consulatum
641 3396 756 3462 Basilii
778 3417 809 3461 v.
835 3415 865 3461 c.
890 3416 973 3461 auno
995 3396 1024 3461 V
1051 3398 1133 3480 (545)
1162 3396 1261 3463 Stura
1290 3403 1446 3480 tyrannus
1475 3397 1564 3481 apud
1585 3397 1728 3464 Africam
1751 3407 1845 3484 portu

210 3513 589 3600 Taceaecongressione
612 3516 699 3582 facta
720 3515 851 3582 Ioannis
866 3516 1030 3582 Romanae
1053 3516 1189 3583 militiae
1212 3516 1303 3582 ducis
1324 3516 1430 3582 iaculo
1453 3536 1626 3601 percussus
1646 3526 1696 3584 est
1710 3520 1845 3604 parique

208 3633 279 3700 vico
309 3641 342 3700 et
363 3635 500 3701 Ioannes
523 3637 656 3720 Stuzae,
688 3636 742 3720 qui
770 3635 939 3703 confestim
968 3636 1122 3702 alterutro
1145 3636 1270 3720 utrique
1293 3637 1404 3720 gladio
1426 3636 1610 3704 cecideruut
1633 3646 1675 3704 et·
1687 3639 1846 3706 dominico

210 3752 276 3836 die,
303 3745 371 3837 quo*
388 3775 498 3840 pugna
520 3756 608 3823 facta
630 3763 690 3840 est,
721 3757 925 3822 moriuntur’.

296 3892 359 3956 Vbi
383 3893 491 3958 Tacea
514 3893 576 3958 sita
599 3893 706 3976 fuerit,
733 3892 874 3960 dubitari
895 3894 1017 3977 nequit.
1063 3894 1102 3959 In
1123 3895 1252 3960 Tabula
1273 3894 1359 3960 enim
1376 3894 1614 3979 Peutingeraua
1629 3896 1753 3962 Thacia
1776 3918 1844 3964 me·
1884 3915 1886 3922 ’

211 4018 362 4094 moratur,
388 4013 473 4095 quod
496 4013 649 4098 oppidum
671 4013 705 4078 iu
728 4013 783 4079 via
798 4013 1061 4096 Carthaginiensi
1082 4013 1179 4080 situm
1203 4020 1235 4080 et
1249 4033 1291 4078 m.
1317 4035 1351 4099 p.
1368 4014 1480 4079 XXVI
1501 4014 1632 4081 aSieca
1654 4016 1779 4082 distans
1791 4019 1839 4101 ¹⁰⁰)

210 4131 349 4198 eundem
374 4131 443 4198 fere
471 4132 575 4199 locum
604 4133 727 4216 tenuit,
759 4153 855 4216 quem
884 4153 969 4200 nunc
997 4134 1086 4200 vicus
1109 4133 1206 4220 Bordj
1231 4133 1452 4219 Nassudi¹⁰¹).
1499 4135 1649 4202 Ceterum
1671 4156 1735 4202 non
1757 4137 1847 4222 apud

297 4457 337 4518 95]
359 4460 413 4509 Iob.
433 4460 471 4508 IV
490 4459 520 4509 41
542 4463 618 4510 ardua
635 4467 715 4511 castn
732 4464 797 4523 gerit
815 4465 909 4526 campis
928 4463 1008 4511 Gabar
1025 4464 1110 4511 addita
1129 4462 1232 4524 apertis.

211 4543 265 4593 Hoc
283 4559 358 4593 versu
377 4559 469 4594 nomeu
489 4547 586 4595 castelli
605 4548 769 4610 scriptoribus
787 4549 879 4597 ceteris
897 4549 1011 4610 ignotum
1030 4548 1153 4610 Gorippus
1171 4547 1307 4596 memoriae
1324 4546 1458 4596 tradidisse
1477 4548 1586 4597 videtur.

296 4646 338 4711 96)
358 4649 428 4698 Proc.
449 4650 474 4700 b.
495 4649 578 4700 Vand.
597 4649 683 4700 1123.
721 4651 777 4701 Cor.
796 4652 850 4702 leh.
870 4652 908 4699 lV
926 4649 970 4701 64.

296 4749 338 4813 91)
359 4751 429 4802 Proc.
449 4754 475 4802 b.
495 4752 579 4802 Vaud.
599 4754 625 4801 11
644 4752 687 4803 tl.
726 4753 781 4802 Cor.
802 4753 855 4803 lob.
874 4754 911 4801 IV
930 4750 1041 4802 82-86.

297 4851 339 4914 98)
361 4853 457 4903 (luerim
475 4854 538 4915 Voy.
559 4857 626 4905 arch.
646 4857 708 4905 dans
726 4857 750 4905 la
767 4857 871 4916 regence
890 4858 920 4904 de
939 4857 1020 4904 Tunia
1038 4855 1063 4903 ll
1080 4868 1106 4915 p.
1128 4851 1239 4902 aas-vl.

296 4955 338 5020 99)
359 4956 428 5006 Vlct.
450 4957 516 5006 Tun.
539 4959 650 5006 Roucalll
668 4959 694 5007 ll
712 4973 739 5021 p.
759 4955 819 5008 all.

298 5057 356 5122 100)
377 5059 443 5110 cum
460 5062 516 5110 riae
534 5063 663 5123 antiquae,
683 5075 732 5124 qua
743 5061 836 5110 binatis
848 5067 947 5110 veteres
961 5059 1056 5110 Siccam
1075 5059 1200 5119 meabant,
1222 5058 1327 5118 vestigia
1344 5063 1433 5107 extent
1454 5059 1556 5120 (Grenv.
1571 5060 1674 5123 Temple
1686 5061 1841 5108 Excuralona

210 5145 238 5192 in
257 5145 300 5194 the
319 5146 521 5197 Mediterraneum
540 5149 566 5196 11
584 5163 609 5211 p.
630 5147 691 5199 282.
723 5148 798 5196 barth
817 5148 1012 5207 Wandemngen
1030 5147 1065 5193 im
1082 5159 1144 5208 pun.
1166 5146 1219 5193 und
1237 5145 1325 5204 hysen.
1345 5145 1507 5194 lilistenland
1524 5160 1550 5208 p.
1571 5131 1631 5196 221.
1668 5146 1730 5195 Rev.
1751 5146 1808 5194 Afr.
1829 5146 1841 5193 l

209 5246 235 5293 p.
256 5230 329 5293 ³71),
349 5233 380 5281 de
399 5234 454 5282 vlae
472 5233 550 5283 huius
567 5235 726 5293 longltudine
745 5241 842 5284 certum
859 5233 984 5281 iudicium
1002 5233 1112 5294 proferre
1128 5231 1197 5282 licet.
1234 5231 1312 5280 Recte
1329 5232 1458 5280 Itinerarii
1471 5234 1595 5282 Antonini
1609 5246 1636 5295 p.
1651 5232 1693 5294 45,
1709 5231 1725 5282 2
1743 5232 1841 5280 XXXII

209 5331 243 5366 m.
263 5333 290 5381 p.
309 5320 378 5368 luter
396 5319 492 5369 Siccam
515 5327 540 5368 et
557 5319 654 5369 hluetoe
677 5321 826 5370 interfuisse
849 5322 974 5368 feruntur.
1012 5321 1041 5366 lu
1061 5319 1122 5368 Tab.
1142 5318 1217 5368 Peut.
1237 5318 1274 5364 1v
1293 5318 1329 5378 E,
1354 5319 1398 5366 ubi
1423 5319 1482 5366 olim
1507 5323 1574 5367 certe
1598 5318 1659 5368 haec
1675 5319 1837 5380 legebantur:

208 5401 289 5452 hluatl
300 5429 335 5439 -
347 5403 397 5452 Vll
409 5430 444 5440 -
456 5405 549 5454 Thecla
561 5431 596 5441 -·
608 5405 657 5453 Vll
670 5433 706 5442 -
717 5405 863 5454 Drusiliana
875 5433 909 5441 -
921 5405 971 5452 Vll
983 5430 1018 5440 -
1030 5404 1134 5464 Siguese
1146 5431 1181 5439 -
1193 5404 1242 5452 Xll
1255 5431 1289 5440 —
1303 5402 1373 5452 Sicca
1388 5404 1496 5452 Veneria
1507 5431 1543 5442 -
1554 5403 1630 5453 XXX
1641 5403 1836 5464 -Naraggara,

207 5488 302 5538 librarii
321 5503 402 5540 errore
420 5494 555 5543 manifesto
574 5493 672 5540 uumerl
690 5492 741 5540 1111
759 5499 784 5540 et
802 5491 878 5539 XXX
902 5493 968 5540 iuter
994 5505 1020 5540 se
1039 5491 1184 5539 commutati
1206 5496 1274 5540 sunt.
1313 5491 1333 5539 1.
1354 5489 1457 5539 Partsch
1475 5491 1574 5540 Africae
1592 5489 1693 5539 Veteris
1711 5489 1840 5538 itineraria

207 5565 367 5638 explicantur
385 5583 412 5627 at
429 5579 605 5628 emendantur.
642 5578 809 5626 Vratielaviae
830 5575 894 5650 1811
914 5593 938 5639 p.
961 5576 1001 5626 53.

295 5681 353 5744 101>
374 5682 469 5732 Gudrln
487 5682 587 5743 voyage
604 5681 671 5730 areb.
692 5681 753 5729 dans
772 5683 794 5728 la
812 5683 916 5741 re'geuce
936 5681 966 5728 de
985 5681 1063 5728 'lunis
1082 5681 1106 5726 ll
1124 5694 1150 5742 p.
1171 5677 1213 5728 at.
