4546 6420
439 396 517 461 VIII
1137 392 1369 449 PROOEMIVM.

441 619 583 698 Quorum
607 618 723 686 ducum
747 618 884 684 alterum
899 615 1091 682 Hadrumeti
1113 617 1275 682 resedisse
1298 635 1361 680 uon
1384 620 1434 680 est
1456 614 1544 698 quod
1566 635 1733 698 negemus,
1759 616 1892 682 alterius
1915 615 2027 682 sedem
2047 617 2081 682 in

442 739 555 804 limitis
577 738 681 824 ipsius
711 738 790 804 urbe
813 737 954 821 quadam
989 737 1131 819 munita,
1164 736 1273 802 forsan
1302 737 1336 801 in
1366 755 1432 800 una
1461 755 1478 800 e
1509 739 1657 819 quattuor
1685 735 1769 817 illis,
1803 756 1885 818 quas
1907 737 2082 821 Procopius

443 858 694 941 memoravitw),
721 857 821 923 luisse
844 857 1004 942 suspicari
1026 857 1112 922 licei.
1551 825 1556 842 ⁴

530 978 579 1045 De
602 978 720 1044 finibus
741 977 976 1062 provinciarum
993 975 1218 1042 Africanarum
1241 977 1358 1042 aetatis
1373 975 1572 1041 Iustinianae
1594 995 1701 1061 pauca
1723 983 1886 1060 comperta
1907 976 2077 1043 habemus.

445 1099 517 1164 Nou
540 1098 660 1182 ubique
675 1098 854 1164 Iustiniana
875 1095 912 1161 id
924 1095 1020 1179 'quod
1042 1097 1215 1181 expetebat
1237 1096 1422 1180 contigisse,
1448 1101 1484 1161 ut
1505 1095 1547 1160 ad
1566 1095 1647 1162 lines
1663 1102 1788 1162 veteres
1802 1095 1930 1181 imperii
1944 1097 2081 1163 Romani

443 1219 538 1284 limes
553 1217 758 1303 proferretur,
785 1223 921 1284 constat.
961 1216 1195 1282 Mauretaniam
1212 1216 1297 1280 euim
1313 1236 1376 1282 nou
1392 1215 1599 1298 Tingitanum
1615 1222 1750 1298 tantum,
1769 1214 1940 1282 sedetiam
1957 1217 2082 1284 Caesa-

443 1339 582 1404 riensem
597 1345 697 1404 totam
712 1345 841 1423 praeter
855 1338 961 1422 ipsam
977 1337 1089 1403 urbem
1105 1336 1301 1401 Caesaream
1318 1334 1422 1400 Mauri
1439 1335 1604 1417 tenebant,
1630 1342 1667 1400 ut
1686 1355 1728 1401 ne
1751 1335 1804 1400 via
1826 1336 1956 1418 quidem
1979 1336 2082 1422 pede-

444 1459 529 1541 stris,
555 1477 620 1540 qua
634 1457 831 1524 Caesaream
845 1457 907 1522 iter
921 1456 1074 1538 iacerent,
1100 1455 1328 1540 Byzantiorum
1344 1462 1441 1536 esset,
1463 1454 1520 1520 sed
1535 1445 1674 1520 navibus
1688 1461 1813 1520 tautum
1827 1455 1911 1521 inter
1925 1458 2010 1523 hauc
2026 1478 2081 1522 ur-

444 1579 529 1660 bem,
545 1579 636 1644 cuius
651 1578 818 1643 moenibus
834 1577 997 1662 provincia
1009 1575 1211 1641 Mauretania
1223 1581 1290 1640 tota
1305 1576 1456 1641 conclusa
1471 1582 1550 1657 erat,
1566 1582 1599 1640 ei
1610 1574 1839 1658 Carthaginem
1855 1577 2079 1642 commercium

447 1698 538 1764 lieret
549 1699 600 1780 ¹¹).
632 1697 867 1763 Mauretaniam
884 1696 1068 1761 Sitifensem
1085 1715 1169 1760 auno
1183 1717 1216 1780 p.
1231 1695 1307 1760 Chr.
1322 1716 1354 1760 u.
1371 1697 1433 1758 539
1448 1695 1577 1761 Solomo
1592 1695 1784 1777 vectigalem
1801 1694 1887 1776 iecit,
1907 1716 1978 1761 cnm
1995 1698 2082 1763 bello

445 1837 597 1903 prospero
620 1817 737 1883 montis
752 1816 883 1882 Aurasii
900 1836 1011 1899 regem
1026 1814 1162 1880 laudam
1179 1821 1374 1899 superasset.
1415 1814 1481 1880 Sed
1503 1815 1594 1898 regio
1614 1815 1674 1879 illa
1696 1815 1825 1898 longius
1848 1815 2081 1900 aCarthagiue

446 1937 571 2003 distans
593 1936 702 2002 neseio
721 1957 763 2002 an
778 1937 889 2022 paullo
904 1942 977 2019 post
993 1934 1162 2001 Solomone
1176 1935 1343 2001 interfecto
1358 1935 1488 2019 plenam
1504 1934 1686 2000 libertatem
1702 1935 1951 2019 recuperaverit.
1984 1937 2081 2004 Cete-

447 2077 553 2123 ramm
577 2056 813 2141 provinciarum
835 2055 937 2120 maior
959 2073 1038 2119 saue
1060 2074 1151 2138 pars,
1177 2076 1261 2140 quae
1283 2055 1433 2138 regiones
1455 2054 1651 2135 maritimas,
1678 2074 1779 2138 agros
1797 2057 1912 2140 planos
1935 2058 2081 2124 culturae

447 2176 634 2261 aptissim0s
656 2176 816 2258 urbesque
838 2174 906 2240 iere
924 2193 1035 2240 omues
1051 2175 1244 2257 continebat,
1271 2196 1291 2240 a
1306 2175 1423 2240 Poenis
1438 2181 1470 2239 et
1484 2175 1638 2239 Romanis
1652 2175 1822 2259 perlonga
1837 2177 1970 2242 saecula
1985 2198 2082 2244 occu-

446 2303 525 2382 pata
538 2295 706 2380 Byzantiis
721 2315 835 2380 parere
851 2314 1014 2378 uunquam
1030 2295 1201 2360 recusavit.
1241 2293 1306 2360 Sed
1322 2293 1435 2374 Mauri,
1462 2294 1517 2377 qui
1532 2294 1749 2380 asperioribus
1771 2296 1911 2362 maxime
1935 2304 1967 2363 et
1988 2319 2082 2365 mon-

445 2416 531 2482 tanis
554 2416 634 2481 locis
656 2415 781 2482 medias
804 2435 862 2499 per
883 2414 1066 2500 provincias
1089 2413 1226 2499 dispersi
1249 2415 1456 2493 habitabant,
1491 2415 1578 2480 bello
1603 2415 1773 2497 ingruente
1795 2435 1859 2480 uon
1882 2418 1984 2483 semel
2007 2439 2080 2484 cum

446 2535 594 2602 barbaris
609 2535 743 2600 limitem
758 2534 969 2618 transgressis
984 2553 1079 2617 agros
1096 2533 1284 2619 depopulati
1300 2553 1383 2616 esse,
1406 2534 1525 2599 milites
1539 2533 1667 2599 insidiis
1682 2541 1870 2619 temptasse,
1889 2537 1966 2620 quin
1981 2540 2080 2604 etiam

447 2656 518 2722 acie
540 2656 696 2722 instructa
719 2675 791 2720 cum
814 2654 980 2738 Byzantiis
1004 2651 1187 2720 condixisse
1210 2654 1370 2720 videntur.
1405 2653 1478 2718 Non
1500 2652 1596 2719 modo
1611 2655 1696 2719 ultra
1710 2655 1854 2735 limitem,
1883 2657 1942 2723 sed
1964 2658 2082 2726 mediis

448 2777 482 2842 in
504 2775 739 2861 provinciarum
761 2774 880 2839 finibus
909 2775 1019 2840 hostes
1039 2774 1114 2839 illos
1137 2774 1233 2840 sedes
1255 2774 1426 2854 habuisse,
1461 2773 1651 2855 quibuscum
1675 2774 1763 2840 vario
1785 2775 1887 2841 Marte
1909 2777 2083 2846 Iustiniani

449 2895 609 2962 exercitus
632 2914 731 2980 saepe
754 2913 845 2961 arma
868 2895 1078 2974 contulerint,
1110 2913 1182 2958 cum
1204 2893 1278 2958 aliis
1300 2914 1320 2959 e
1341 2893 1533 2960 testimoniis
1556 2893 1784 2978 comperimus,
1818 2902 1885 2961 tum
1908 2916 1926 2962 e
1948 2898 2082 2986 Corippi

450 3017 519 3082 loco
542 3036 590 3098 eo,
618 3014 776 3098 adquam
799 3013 1028 3100 explicandum
1050 3014 1118 3078 iam
1138 3019 1279 3078 nauseo.

536 3136 729 3220 Populorum
752 3134 964 3200 Mauricorum
988 3133 1129 3214 nomina,
1155 3131 1262 3214 sedes,
1288 3153 1393 3198 mores
1415 3132 1586 3216 indaganti
1608 3134 1717 3200 nescio
1739 3156 1781 3200 au
1804 3137 1913 3202 nullus
1935 3147 2081 3205 veterum

449 3256 539 3320 locus
561 3255 663 3339 pluris
686 3253 856 3319 faciendus
883 3254 926 3319 sit
946 3253 1037 3318 initio
1067 3253 1141 3318 hhri
1172 3252 1305 3318 secundi
1339 3252 1380 3332 (II
1404 3255 1563 3332 28-161)
1589 3253 1803 3336 Iohannidos‚
1838 3276 1900 3340 quo
1923 3258 2082 3343 Oorippus

450 3382 564 3458 gentes
586 3374 726 3440 rebelles
749 3377 956 3456 recensetffl).
1001 3373 1116 3455 Neque
1146 3372 1231 3437 enim
1260 3371 1423 3437 nominum
1453 3392 1530 3438 casu
1553 3373 1692 3456 quodam
1717 3383 1938 3458 congestorum
1965 3377 2084 3444 mixto-

452 3513 586 3576 rumque
616 3493 813 3577 farraginem
843 3491 995 3572 effundit,
1030 3491 1089 3557 sed
1117 3492 1171 3558 via
1200 3498 1296 3575 atque
1325 3491 1436 3558 ordine
1466 3499 1552 3558 certo
1574 3494 1751 3578 procedens
1774 3504 1888 3579 gentes
1909 3497 2081 3584 affinitate,

451 3613 600 3696 sedibus,
634 3613 777 3679 moribus
804 3612 888 3677 inter
910 3631 945 3677 se
966 3611 1093 3677 iunctas
1123 3612 1360 3695 complectitur,
1394 3613 1540 3678 diversas
1563 3621 1703 3698 separat.
1750 3616 1799 3681 Ne
1823 3617 1925 3706 obiter
1952 3618 2084 3702 quidem

452 3753 565 3799 versus
595 3733 671 3798 illos
692 3732 915 3816 inspicientem
938 3731 1040 3796 latere
1062 3749 1157 3815 posse
1179 3731 1330 3813 arbitror,
1363 3733 1396 3796 in
1424 3741 1490 3798 tres
1516 3741 1624 3817 paries
1655 3754 1676 3799 a
1704 3743 1799 3820 polita
1828 3745 1941 3821 gentes
1972 3759 2085 3805 omues

453 3853 568 3919 dividi.
616 3853 751 3917 Duobus
774 3851 859 3916 euim
883 3851 974 3928 locis,
1000 3857 1220 3935 postremum
1244 3853 1285 3915 84
1309 3858 1435 3936 etpost
1456 3872 1582 3917 versum
1610 3856 1681 3930 137,
1714 3856 1814 3921 oratio
1842 3858 1889 3922 ita
1918 3857 2081 3941 inciditur,

452 3981 487 4039 ut
508 3972 552 4038 ad
574 3973 672 4038 aliam
695 3977 851 4037 terrarum
873 3971 1085 4048 Mauricarum
1109 3978 1232 4054 partem
1262 3972 1399 4037 transire
1422 3972 1579 4057 Corippus
1608 3973 1764 4040 videatur.
1813 3976 1882 4041 Iam
1911 3998 1987 4044 vero
2017 3979 2086 4044 siu-

451 4095 530 4178 gula
552 4112 710 4177 quaeque,
736 4092 938 4174 inquantum
954 4108 1136 4175 possumus,
1163 4092 1384 4176 perquirentes
1400 4091 1494 4158 facile
1509 4093 1737 4176 intellegemus
1754 4097 1891 4180 primum
1907 4097 2085 4164 1128-84

542 4387 581 4447 io)
602 4387 702 4450 Proeop.
724 4387 755 4435 de
773 4385 850 4436 aedil.
873 4386 943 4434 Vlii
967 4382 1033 4436 nard
1058 4381 1086 4436 ts
1110 4384 1157 4453 τὴν
1181 4384 1315 4455 μεσόγειαν
1341 4384 1366 4442 ἐς
1389 4391 1436 4455 τῆς
1459 4388 1547 4456 χώρας
1564 4386 1597 4439 τὰ
1615 4386 1724 4459 ἔσχατα,
1750 4385 1793 4439 ἵνα
1811 4388 1842 4456 δὴ
1862 4388 1942 4459 αὐτὴν
1962 4389 2089 4462 βάρβαροι

452 4476 615 4541 προσοικοῦσι
633 4467 804 4540 Μαοροὺσιοι,
826 4469 1017 4540 ἐπιτειχίσματα
1034 4463 1094 4521 κατ’
1115 4469 1197 4521 αὐτῶν
1217 4469 1355 4540 πεποίηται
1374 4471 1551 4532 δυνατώτατα,
1573 4472 1598 4534 ἐξ
1616 4473 1651 4525 ὢν
1670 4471 1702 4543 tl,
1721 4473 1806 4526 chatti
1825 4472 1875 4527 olor
1893 4475 1921 4528 τέ
1938 4476 1985 4528 εἰσι
2002 4496 2089 4533 aurc-

453 4555 508 4609 θεῖν
527 4557 574 4626 τὴν
591 4549 729 4626 Ῥωμαίων
747 4555 840 4627 ἀρχήν.
878 4553 964 4612 πόλεις
988 4573 1015 4606 τε
1040 4554 1087 4624 γὰρ
1105 4555 1150 4614 τὰς
1170 4553 1281 4608 ἐνταῦθα
1299 4553 1377 4615 οὔσας
1396 4555 1423 4608 ἐν
1442 4557 1549 4630 ἐσχατιᾷ
1567 4565 1613 4626 τῆς
1631 4561 1718 4630 χώρας
1738 4559 1833 4631 ἑκάστῃ
1852 4560 1961 4633 τείχεσιν
1979 4563 2089 4636 ἐχυροῖς

450 4641 515 4715 ἄγαν
534 4641 691 4712 περιβαλὼν,
717 4639 759 4699 uit
782 4641 808 4693 ai
832 4640 999 4712 προσηγορίαι
1017 4638 1135 4711 Μάρμης
1153 4659 1181 4693 τε
1198 4643 1242 4694 καὶ
1260 4639 1391 4711 Taburni,
1419 4639 1580 4707 Κοὺλουλις,
1605 4645 1649 4696 aui
1667 4645 1787 4715 φρούριον
1805 4647 1994 4719 τειχισάμενος,
2022 4649 2089 4720 ὅπερ

450 4727 573 4783 ιιαλοῦσιν
592 4728 616 4780 cl
635 4727 753 4800 ἐγχώριοι
772 4724 916 4796 Αὐμετέρα,
936 4727 1074 4799 tyr-(quoue
1094 4725 1205 4781 ἐνταῦθα
1224 4729 1350 4799 φρουροὺς
1370 4737 1530 4798 στρατιωτῶν
1548 4731 1730 4800 κατεστήσατο.

543 4815 581 4878 ll)
602 4816 670 4865 Proc.
692 4817 717 4864 b.
739 4815 819 4864 Vaud.
840 4816 864 4863 ll
884 4815 917 4865 20
936 4819 980 4864 iln.

541 4900 579 4962 12)
602 4901 660 4949 Loci
678 4904 755 4950 totins
774 4903 908 4963 partitione
927 4909 952 4951 et
971 4915 1068 4950 conexu
1088 4916 1174 4963 parum
1192 4904 1333 4965 perspectis
1351 4905 1459 4966 primurn
1472 4903 1682 4952 Mazzuccheliius
1700 4907 1726 4953 in
1740 4907 1857 4954 editionis
1869 4907 2088 4970 adnotationibus,

452 4988 545 5038 delude
563 4987 651 5036 Comes
669 4985 724 5035 Car.
745 4987 800 5036 Oct.
821 4987 969 5045 castiglioni
989 4988 1107 5036 Memoire
1125 4989 1310 5050 geographique
1330 4996 1355 5036 et
1374 4991 1573 5051 numismatiqne
1591 5005 1635 5038 sur
1652 4991 1677 5038 la
1695 4992 1777 5052 partie
1795 4993 1915 5041 orientale
1935 4994 1966 5042 de
1984 4996 2009 5043 la
2027 4996 2090 5044 Bar-

453 5075 522 5123 barie
540 5073 606 5121 rulri
627 5072 657 5120 de
675 5073 821 5120 recherches
840 5086 882 5120 sur
901 5074 938 5122 lea
953 5073 1057 5122 Berbers
1070 5074 1233 5136 Atlantiqnes
1252 5075 1331 5123 Milan
1348 5074 1412 5123 iste
1432 5090 1458 5138 p.
1473 5075 1592 5125 al-lto
1610 5089 1699 5125 versus
1719 5078 1851 5125 nonnullos
1870 5080 1906 5126 ita
1923 5082 2090 5143 interpretari

453 5160 623 5219 conabantur,
650 5163 679 5205 ut
696 5158 804 5206 locorum
823 5159 889 5206 altus
906 5160 1053 5220 gentlnmvo
1072 5160 1158 5208 sedum
1178 5173 1266 5221 parum
1285 5161 1391 5222 curiosi,
1413 5163 1542 5208 nominum
1561 5161 1739 5210 similitudines
1759 5163 1823 5212 solas
1841 5170 1987 5228 captantes,
2014 5169 2090 5229 quid-

453 5245 515 5308 quid
534 5244 702 5306 cogitantibus
719 5244 745 5290 in
765 5248 875 5291 mentem
896 5245 1030 5304 inciderat,
1059 5247 1085 5292 in
1106 5243 1216 5292 medinm
1235 5247 1382 5306 proterrent.
1421 5246 1500 5304 Quam
1518 5247 1662 5308 explicanti
1681 5250 1803 5297 rationem
1820 5251 1935 5311 quamvls
1953 5252 2005 5300 iam
2021 5269 2091 5304 anno

455 5331 521 5382 1874
539 5330 747 5393 improbaverim,
773 5343 822 5391 quo
845 5334 925 5377 totum
945 5331 1025 5377 locum
1045 5331 1150 5391 eiusque
1169 5329 1318 5379 divisionem
1339 5334 1365 5379 in
1385 5333 1491 5382 Hermae
1510 5333 1638 5380 volumine
1657 5346 1722 5381 nono
1743 5335 1866 5396 (Beitrige
1882 5350 1929 5384 *zur
1950 5337 2090 5403 Erhilrnng

454 5417 506 5466 und
525 5417 608 5465 llritik
626 5416 670 5464 der
688 5414 808 5463 Iohannis
826 5415 870 5462 dea
889 5413 1014 5477 corippus
1032 5429 1058 5477 p.
1080 5414 1191 5478 293aq.,³
1220 5418 1345 5466 iilustrare
1370 5420 1472 5478 studui,
1500 5425 1583 5467 tamen
1609 5421 1759 5481 quibusdam
1785 5423 1810 5469 ln
1835 5425 1909 5471 rebus
1932 5430 1994 5472 tune
2017 5426 2090 5475 modo

454 5501 646 5552 Mazznccheilli
668 5501 820 5549 lectionibus
838 5503 962 5562 perversis
981 5501 1051 5549 modo
1070 5517 1125 5550 mea
1145 5503 1247 5552 audacia
1267 5506 1292 5552 in
1311 5517 1405 5552 errores
1424 5506 1542 5554 inductus
1562 5519 1626 5554 snm.
1663 5506 1701 5553 Ne
1720 5507 1795 5556 nimia
1812 5509 1874 5557 haec
1891 5510 2030 5572 disputatio
2048 5513 2090 5560 ln-

454 5592 585 5648 cresceret,
606 5600 653 5635 uec
671 5598 738 5634 meos
756 5587 812 5634 illos
831 5599 913 5648 neque
933 5588 1041 5635 aliorum
1059 5589 1226 5651 interpretum
1245 5591 1328 5653 lapsus
1347 5603 1414 5638 nnuc
1433 5593 1576 5650 memorari,
1597 5591 1640 5640 sed
1659 5593 1804 5656 ubieunque
1822 5607 1860 5643 res
1874 5601 1972 5657 peraeta
1983 5610 2011 5643 ac
2023 5597 2091 5648 bene

454 5675 565 5724 stabilita
582 5674 645 5721 mlhl
664 5672 804 5734 ridebatur,
826 5672 1058 5734 interpretationem
1079 5687 1159 5722 veram
1178 5677 1316 5747 protulisse·
1332 5677 1394 5724 satis
1412 5675 1497 5724 habui.
