<?xml version="1.0" encoding="UTF-8"?>
<!DOCTYPE html PUBLIC "-//W3C//DTD XHTML 1.0 Transitional//EN"
    "http://www.w3.org/TR/xhtml1/DTD/xhtml1-transitional.dtd">
<html xmlns="http://www.w3.org/1999/xhtml" xml:lang="en" lang="en">
 <head>
  <title>
</title>
<meta http-equiv="Content-Type" content="text/html;charset=utf-8" />
  <meta name='ocr-system' content='tesseract 3.04.00' />
  <meta name='ocr-capabilities' content='ocr_page ocr_carea ocr_par ocr_line ocrx_word'/>
</head>
<body>
  <div class='ocr_page' id='page_1' title='image "./monumentagerman08mittgoog/monumentagerman08mittgoog_0250.png"; bbox 0 0 4508 6434; ppageno 0'>
   <div class='ocr_carea' id='block_1_1' title="bbox 739 425 1206 494">
    <p class='ocr_par' dir='ltr' id='par_1_1' title="bbox 739 425 1206 494">
     <span class='ocr_line' id='line_1_1' title="bbox 739 425 1206 494; baseline 0 -12"><span class='ocrx_word' id='word_1_1' title='bbox 739 425 968 484; x_wconf 79' lang='lat' dir='ltr'><strong>lennuulnes</strong></span> <span class='ocrx_word' id='word_1_2' title='bbox 986 429 1056 484; x_wconf 87' lang='lat' dir='ltr'><strong>LlB.</strong></span> <span class='ocrx_word' id='word_1_3' title='bbox 1078 428 1128 486; x_wconf 84' lang='lat' dir='ltr'><strong>vl.</strong></span> <span class='ocrx_word' id='word_1_4' title='bbox 1151 429 1206 494; x_wconf 84' lang='lat' dir='ltr'>(V).</span> 
     </span>
    </p>
   </div>
   <div class='ocr_carea' id='block_1_2' title="bbox 416 617 1580 4946">
    <p class='ocr_par' dir='ltr' id='par_1_2' title="bbox 416 617 1580 4946">
     <span class='ocr_line' id='line_1_2' title="bbox 549 617 1440 702; baseline -0.006 -16"><span class='ocrx_word' id='word_1_5' title='bbox 549 639 605 686; x_wconf 89' lang='lat' dir='ltr'><strong>cur</strong></span> <span class='ocrx_word' id='word_1_6' title='bbox 625 617 758 684; x_wconf 88' lang='lat' dir='ltr'><strong>timidus</strong></span> <span class='ocrx_word' id='word_1_7' title='bbox 781 617 924 702; x_wconf 60' lang='lat' dir='ltr'><strong>fugant</strong></span> <span class='ocrx_word' id='word_1_8' title='bbox 967 618 1073 686; x_wconf 85' lang='lat' dir='ltr'><strong>irenes</strong></span> <span class='ocrx_word' id='word_1_9' title='bbox 1096 618 1161 685; x_wconf 90' lang='lat' dir='ltr'><strong>iam</strong></span> <span class='ocrx_word' id='word_1_10' title='bbox 1184 617 1316 698; x_wconf 86' lang='lat' dir='ltr'><strong>flectite,</strong></span> <span class='ocrx_word' id='word_1_11' title='bbox 1343 618 1440 685; x_wconf 89' lang='lat' dir='ltr'><strong>cives.</strong></span> 
     </span>
     <span class='ocr_line' id='line_1_3' title="bbox 549 721 1373 806; baseline 0.002 -20"><span class='ocrx_word' id='word_1_12' title='bbox 549 721 637 806; x_wconf 88' lang='lat' dir='ltr'><strong>figite</strong></span> <span class='ocrx_word' id='word_1_13' title='bbox 660 721 769 806; x_wconf 87' lang='lat' dir='ltr'><strong>signa,</strong></span> <span class='ocrx_word' id='word_1_14' title='bbox 796 723 867 788; x_wconf 89' lang='lat' dir='ltr'><strong>viri.</strong></span> <span class='ocrx_word' id='word_1_15' title='bbox 913 722 1013 788; x_wconf 88' lang='lat' dir='ltr'><strong>furias</strong></span> <span class='ocrx_word' id='word_1_16' title='bbox 1037 722 1227 788; x_wconf 77' lang='lat' dir='ltr'><strong>contemnite</strong></span> <span class='ocrx_word' id='word_1_17' title='bbox 1250 722 1373 806; x_wconf 84' lang='lat' dir='ltr'><strong>gentis,</strong></span> 
     </span>
     <span class='ocr_line' id='line_1_4' title="bbox 549 824 1454 912; baseline -0.003 -20"><span class='ocrx_word' id='word_1_18' title='bbox 549 833 582 892; x_wconf 92' lang='lat' dir='ltr'><strong>et</strong></span> <span class='ocrx_word' id='word_1_19' title='bbox 602 845 712 912; x_wconf 89' lang='lat' dir='ltr'><strong>pugna</strong></span> <span class='ocrx_word' id='word_1_20' title='bbox 733 831 887 912; x_wconf 82' lang='lat' dir='ltr'><strong>temptate</strong></span> <span class='ocrx_word' id='word_1_21' title='bbox 909 833 1026 892; x_wconf 88' lang='lat' dir='ltr'><strong>truces.</strong></span> <span class='ocrx_word' id='word_1_22' title='bbox 1073 832 1129 891; x_wconf 90' lang='lat' dir='ltr'><strong>aut</strong></span> <span class='ocrx_word' id='word_1_23' title='bbox 1150 824 1307 892; x_wconf 83' lang='lat' dir='ltr'><strong>vincimus</strong></span> <span class='ocrx_word' id='word_1_24' title='bbox 1329 826 1454 908; x_wconf 88' lang='lat' dir='ltr'><strong>hostes,</strong></span> 
     </span>
     <span class='ocr_line' id='line_1_5' title="bbox 550 929 1365 1014; baseline -0.002 -18"><span class='ocrx_word' id='word_1_25' title='bbox 550 930 579 996; x_wconf 90' lang='lat' dir='ltr'><strong>si</strong></span> <span class='ocrx_word' id='word_1_26' title='bbox 601 929 681 996; x_wconf 91' lang='lat' dir='ltr'><strong>deus</strong></span> <span class='ocrx_word' id='word_1_27' title='bbox 702 929 773 1014; x_wconf 88' lang='lat' dir='ltr'><strong>ipse</strong></span> <span class='ocrx_word' id='word_1_28' title='bbox 794 930 897 1006; x_wconf 86' lang='lat' dir='ltr'><strong>volet;</strong></span> <span class='ocrx_word' id='word_1_29' title='bbox 924 930 995 1013; x_wconf 86' lang='lat' dir='ltr'><strong>vel,</strong></span> <span class='ocrx_word' id='word_1_30' title='bbox 1021 929 1049 994; x_wconf 90' lang='lat' dir='ltr'><strong>si</strong></span> <span class='ocrx_word' id='word_1_31' title='bbox 1072 929 1192 995; x_wconf 86' lang='lat' dir='ltr'><strong>delicta</strong></span> <span class='ocrx_word' id='word_1_32' title='bbox 1213 929 1365 994; x_wconf 87' lang='lat' dir='ltr'><strong>resistunt</strong></span> 
     </span>
     <span class='ocr_line' id='line_1_6' title="bbox 550 1032 1473 1118; baseline -0.003 -19"><span class='ocrx_word' id='word_1_33' title='bbox 550 1033 694 1118; x_wconf 88' lang='lat' dir='ltr'><strong>partibus</strong></span> <span class='ocrx_word' id='word_1_34' title='bbox 715 1040 811 1100; x_wconf 88' lang='lat' dir='ltr'><strong>aucta</strong></span> <span class='ocrx_word' id='word_1_35' title='bbox 831 1032 930 1115; x_wconf 83' lang='lat' dir='ltr'><strong>mois,</strong></span> <span class='ocrx_word' id='word_1_36' title='bbox 956 1033 1084 1118; x_wconf 89' lang='lat' dir='ltr'><strong>propria</strong></span> <span class='ocrx_word' id='word_1_37' title='bbox 1105 1052 1168 1099; x_wconf 92' lang='lat' dir='ltr'><strong>non</strong></span> <span class='ocrx_word' id='word_1_38' title='bbox 1190 1032 1288 1098; x_wconf 86' lang='lat' dir='ltr'><strong>laude</strong></span> <span class='ocrx_word' id='word_1_39' title='bbox 1310 1051 1473 1115; x_wconf 84' lang='lat' dir='ltr'><strong>caremus,</strong></span> 
     </span>
     <span class='ocr_line' id='line_1_7' title="bbox 550 1136 1580 1222; baseline -0.004 -18"><span class='ocrx_word' id='word_1_40' title='bbox 550 1139 626 1204; x_wconf 91' lang='lat' dir='ltr'><strong>dum</strong></span> <span class='ocrx_word' id='word_1_41' title='bbox 649 1138 809 1204; x_wconf 89' lang='lat' dir='ltr'><strong>morimur.</strong></span> <span class='ocrx_word' id='word_1_42' title='bbox 855 1143 1002 1203; x_wconf 84' lang='lat' dir='ltr'><strong>revocate</strong></span> <span class='ocrx_word' id='word_1_43' title='bbox 1025 1137 1146 1220; x_wconf 87' lang='lat' dir='ltr'><strong>fugam.</strong></span> <span class='ocrx_word' id='word_1_44' title='bbox 1194 1136 1259 1203; x_wconf 88' lang='lat' dir='ltr'><strong>iam</strong></span> <span class='ocrx_word' id='word_1_45' title='bbox 1282 1137 1428 1222; x_wconf 88' lang='lat' dir='ltr'><strong>stringite</strong></span> <span class='ocrx_word' id='word_1_46' title='bbox 1452 1136 1580 1201; x_wconf 86' lang='lat' dir='ltr'><strong>ferrum.</strong></span> 
     </span>
     <span class='ocr_line' id='line_1_8' title="bbox 550 1237 1504 1324; baseline -0.004 -17"><span class='ocrx_word' id='word_1_47' title='bbox 550 1261 619 1324; x_wconf 87' lang='lat' dir='ltr'><strong>me,</strong></span> <span class='ocrx_word' id='word_1_48' title='bbox 645 1240 759 1323; x_wconf 83' lang='lat' dir='ltr'><strong>faciat,</strong></span> <span class='ocrx_word' id='word_1_49' title='bbox 785 1239 870 1323; x_wconf 90' lang='lat' dir='ltr'><strong>quod</strong></span> <span class='ocrx_word' id='word_1_50' title='bbox 892 1239 1028 1323; x_wconf 87' lang='lat' dir='ltr'><strong>quisque</strong></span> <span class='ocrx_word' id='word_1_51' title='bbox 1048 1239 1164 1305; x_wconf 84' lang='lat' dir='ltr'><strong>videt&#39;.</strong></span> <span class='ocrx_word' id='word_1_52' title='bbox 1211 1239 1257 1304; x_wconf 90' lang='lat' dir='ltr'><strong>sic</strong></span> <span class='ocrx_word' id='word_1_53' title='bbox 1279 1237 1366 1304; x_wconf 85' lang='lat' dir='ltr'><strong>fatus</strong></span> <span class='ocrx_word' id='word_1_54' title='bbox 1388 1239 1504 1304; x_wconf 83' lang='lat' dir='ltr'><strong>acerbo</strong></span> 
     </span>
     <span class='ocr_line' id='line_1_9' title="bbox 550 1342 1438 1428; baseline -0.002 -19"><span class='ocrx_word' id='word_1_55' title='bbox 550 1343 700 1410; x_wconf 89' lang='lat' dir='ltr'><strong>dentibus</strong></span> <span class='ocrx_word' id='word_1_56' title='bbox 720 1342 886 1409; x_wconf 87' lang='lat' dir='ltr'><strong>infremuit</strong></span> <span class='ocrx_word' id='word_1_57' title='bbox 906 1344 1011 1422; x_wconf 84' lang='lat' dir='ltr'><strong>vultu,</strong></span> <span class='ocrx_word' id='word_1_58' title='bbox 1037 1343 1251 1428; x_wconf 86' lang='lat' dir='ltr'><strong>capulumque</strong></span> <span class='ocrx_word' id='word_1_59' title='bbox 1274 1362 1438 1408; x_wconf 85' lang='lat' dir='ltr'><strong>coruscum</strong></span> 
     </span>
     <span class='ocr_line' id='line_1_10' title="bbox 550 1445 1433 1532; baseline -0.002 -20"><span class='ocrx_word' id='word_1_60' title='bbox 550 1445 716 1532; x_wconf 89' lang='lat' dir='ltr'><strong>corripuit,</strong></span> <span class='ocrx_word' id='word_1_61' title='bbox 742 1445 950 1531; x_wconf 76' lang='lat' dir='ltr'><strong>gladiumque</strong></span> <span class='ocrx_word' id='word_1_62' title='bbox 972 1445 1082 1512; x_wconf 88' lang='lat' dir='ltr'><strong>furens</strong></span> <span class='ocrx_word' id='word_1_63' title='bbox 1104 1445 1148 1512; x_wconf 92' lang='lat' dir='ltr'><strong>ad</strong></span> <span class='ocrx_word' id='word_1_64' title='bbox 1169 1447 1304 1512; x_wconf 82' lang='lat' dir='ltr'><strong>vulnera</strong></span> <span class='ocrx_word' id='word_1_65' title='bbox 1326 1445 1433 1511; x_wconf 83' lang='lat' dir='ltr'><strong>traxit.</strong></span> 
     </span>
     <span class='ocr_line' id='line_1_11' title="bbox 549 1548 1470 1635; baseline -0.002 -19"><span class='ocrx_word' id='word_1_66' title='bbox 549 1550 593 1616; x_wconf 88' lang='lat' dir='ltr'><strong>ad</strong></span> <span class='ocrx_word' id='word_1_67' title='bbox 614 1569 723 1617; x_wconf 83' lang='lat' dir='ltr'><strong>vocem</strong></span> <span class='ocrx_word' id='word_1_68' title='bbox 746 1569 822 1635; x_wconf 85' lang='lat' dir='ltr'><strong>pars</strong></span> <span class='ocrx_word' id='word_1_69' title='bbox 844 1557 932 1616; x_wconf 87' lang='lat' dir='ltr'><strong>certa</strong></span> <span class='ocrx_word' id='word_1_70' title='bbox 952 1549 1045 1615; x_wconf 90' lang='lat' dir='ltr'><strong>redit.</strong></span> <span class='ocrx_word' id='word_1_71' title='bbox 1092 1555 1169 1616; x_wconf 90' lang='lat' dir='ltr'><strong>tnnc</strong></span> <span class='ocrx_word' id='word_1_72' title='bbox 1190 1548 1314 1635; x_wconf 88' lang='lat' dir='ltr'><strong>proelia</strong></span> <span class='ocrx_word' id='word_1_73' title='bbox 1335 1555 1470 1633; x_wconf 87' lang='lat' dir='ltr'><strong>surgunt</strong></span> 
     </span>
     <span class='ocr_line' id='line_1_12' title="bbox 550 1653 1341 1740; baseline -0.004 -19"><span class='ocrx_word' id='word_1_74' title='bbox 550 1674 684 1740; x_wconf 86' lang='lat' dir='ltr'><strong>aspera,</strong></span> <span class='ocrx_word' id='word_1_75' title='bbox 709 1662 743 1721; x_wconf 91' lang='lat' dir='ltr'><strong>et</strong></span> <span class='ocrx_word' id='word_1_76' title='bbox 763 1653 895 1720; x_wconf 87' lang='lat' dir='ltr'><strong>assidue</strong></span> <span class='ocrx_word' id='word_1_77' title='bbox 917 1653 1066 1720; x_wconf 80' lang='lat' dir='ltr'><strong>discurrit</strong></span> <span class='ocrx_word' id='word_1_78' title='bbox 1087 1654 1202 1720; x_wconf 90' lang='lat' dir='ltr'><strong>lancea</strong></span> <span class='ocrx_word' id='word_1_79' title='bbox 1222 1653 1341 1719; x_wconf 90' lang='lat' dir='ltr'><strong>nimbo.</strong></span> 
     </span>
     <span class='ocr_line' id='line_1_13' title="bbox 551 1757 1398 1842; baseline 0 -20"><span class='ocrx_word' id='word_1_80' title='bbox 551 1757 668 1824; x_wconf 87' lang='lat' dir='ltr'><strong>loricae</strong></span> <span class='ocrx_word' id='word_1_81' title='bbox 690 1759 868 1842; x_wconf 78' lang='lat' dir='ltr'><strong>galeaeque</strong></span> <span class='ocrx_word' id='word_1_82' title='bbox 889 1764 1019 1841; x_wconf 89' lang='lat' dir='ltr'><strong>tonant,</strong></span> <span class='ocrx_word' id='word_1_83' title='bbox 1044 1759 1144 1841; x_wconf 88' lang='lat' dir='ltr'><strong>gemit</strong></span> <span class='ocrx_word' id='word_1_84' title='bbox 1165 1758 1282 1824; x_wconf 89' lang='lat' dir='ltr'><strong>ictibus</strong></span> <span class='ocrx_word' id='word_1_85' title='bbox 1303 1757 1398 1823; x_wconf 90' lang='lat' dir='ltr'><strong>umbo</strong></span> 
     </span>
     <span class='ocr_line' id='line_1_14' title="bbox 550 1855 1291 1946; baseline 0 -20"><span class='ocrx_word' id='word_1_86' title='bbox 550 1880 682 1943; x_wconf 86' lang='lat' dir='ltr'><strong>aereus,</strong></span> <span class='ocrx_word' id='word_1_87' title='bbox 708 1868 741 1928; x_wconf 87' lang='lat' dir='ltr'><strong>et</strong></span> <span class='ocrx_word' id='word_1_88' title='bbox 761 1861 864 1946; x_wconf 87' lang='lat' dir='ltr'><strong>ruptis</strong></span> <span class='ocrx_word' id='word_1_89' title='bbox 885 1861 969 1927; x_wconf 90' lang='lat' dir='ltr'><strong>inter</strong></span> <span class='ocrx_word' id='word_1_90' title='bbox 990 1855 1179 1946; x_wconf 89' lang='lat' dir='ltr'><strong>praecordia</strong></span> <span class='ocrx_word' id='word_1_91' title='bbox 1200 1861 1291 1927; x_wconf 85' lang='lat' dir='ltr'><strong>venis</strong></span> 
     </span>
     <span class='ocr_line' id='line_1_15' title="bbox 551 1963 1421 2050; baseline -0.002 -20"><span class='ocrx_word' id='word_1_92' title='bbox 551 1984 744 2050; x_wconf 83' lang='lat' dir='ltr'><strong>purpuream</strong></span> <span class='ocrx_word' id='word_1_93' title='bbox 767 1963 907 2030; x_wconf 87' lang='lat' dir='ltr'><strong>fundunt</strong></span> <span class='ocrx_word' id='word_1_94' title='bbox 927 1964 1077 2030; x_wconf 89' lang='lat' dir='ltr'><strong>animam.</strong></span> <span class='ocrx_word' id='word_1_95' title='bbox 1125 1964 1241 2030; x_wconf 88' lang='lat' dir='ltr'><strong>virtute</strong></span> <span class='ocrx_word' id='word_1_96' title='bbox 1264 1963 1421 2048; x_wconf 88' lang='lat' dir='ltr'><strong>superbus</strong></span> 
     </span>
     <span class='ocr_line' id='line_1_16' title="bbox 550 2066 1425 2153; baseline -0.002 -20"><span class='ocrx_word' id='word_1_97' title='bbox 550 2067 647 2153; x_wconf 88' lang='lat' dir='ltr'><strong>Ziper</strong></span> <span class='ocrx_word' id='word_1_98' title='bbox 668 2067 787 2134; x_wconf 86' lang='lat' dir='ltr'><strong>acerba</strong></span> <span class='ocrx_word' id='word_1_99' title='bbox 808 2066 917 2133; x_wconf 83' lang='lat' dir='ltr'><strong>furens</strong></span> <span class='ocrx_word' id='word_1_100' title='bbox 940 2067 1007 2133; x_wconf 88' lang='lat' dir='ltr'><strong>ibat</strong></span> <span class='ocrx_word' id='word_1_101' title='bbox 1028 2087 1087 2152; x_wconf 89' lang='lat' dir='ltr'><strong>per</strong></span> <span class='ocrx_word' id='word_1_102' title='bbox 1107 2068 1193 2150; x_wconf 88' lang='lat' dir='ltr'><strong>tela,</strong></span> <span class='ocrx_word' id='word_1_103' title='bbox 1220 2087 1278 2152; x_wconf 92' lang='lat' dir='ltr'><strong>per</strong></span> <span class='ocrx_word' id='word_1_104' title='bbox 1300 2067 1425 2149; x_wconf 85' lang='lat' dir='ltr'><strong>hostes,</strong></span> 
     </span>
     <span class='ocr_line' id='line_1_17' title="bbox 552 2169 1324 2256; baseline 0.001 -19"><span class='ocrx_word' id='word_1_105' title='bbox 552 2171 680 2256; x_wconf 88' lang='lat' dir='ltr'><strong>Syrtica</strong></span> <span class='ocrx_word' id='word_1_106' title='bbox 701 2169 837 2238; x_wconf 81' lang='lat' dir='ltr'><strong>letiferis</strong></span> <span class='ocrx_word' id='word_1_107' title='bbox 859 2177 1064 2256; x_wconf 86' lang='lat' dir='ltr'><strong>prosternens</strong></span> <span class='ocrx_word' id='word_1_108' title='bbox 1087 2171 1218 2256; x_wconf 83' lang='lat' dir='ltr'><strong>agmina</strong></span> <span class='ocrx_word' id='word_1_109' title='bbox 1238 2171 1324 2239; x_wconf 90' lang='lat' dir='ltr'><strong>telis.</strong></span> 
     </span>
     <span class='ocr_line' id='line_1_18' title="bbox 552 2274 1402 2361; baseline -0.001 -20"><span class='ocrx_word' id='word_1_110' title='bbox 552 2282 585 2341; x_wconf 91' lang='lat' dir='ltr'><strong>et</strong></span> <span class='ocrx_word' id='word_1_111' title='bbox 606 2275 775 2342; x_wconf 88' lang='lat' dir='ltr'><strong>Solumuth</strong></span> <span class='ocrx_word' id='word_1_112' title='bbox 796 2274 933 2360; x_wconf 87' lang='lat' dir='ltr'><strong>pariter,</strong></span> <span class='ocrx_word' id='word_1_113' title='bbox 959 2274 1025 2342; x_wconf 87' lang='lat' dir='ltr'><strong>fato</strong></span> <span class='ocrx_word' id='word_1_114' title='bbox 1047 2275 1106 2342; x_wconf 89' lang='lat' dir='ltr'><strong>sed</strong></span> <span class='ocrx_word' id='word_1_115' title='bbox 1127 2275 1231 2361; x_wconf 92' lang='lat' dir='ltr'><strong>impar</strong></span> <span class='ocrx_word' id='word_1_116' title='bbox 1253 2282 1402 2359; x_wconf 88' lang='lat' dir='ltr'><strong>uterque,</strong></span> 
     </span>
     <span class='ocr_line' id='line_1_19' title="bbox 552 2378 1316 2464; baseline -0.003 -20"><span class='ocrx_word' id='word_1_117' title='bbox 552 2384 682 2464; x_wconf 88' lang='lat' dir='ltr'><strong>pectora</strong></span> <span class='ocrx_word' id='word_1_118' title='bbox 703 2378 872 2444; x_wconf 90' lang='lat' dir='ltr'><strong>multorum</strong></span> <span class='ocrx_word' id='word_1_119' title='bbox 895 2384 1005 2444; x_wconf 88' lang='lat' dir='ltr'><strong>centra</strong></span> <span class='ocrx_word' id='word_1_120' title='bbox 1027 2379 1190 2444; x_wconf 85' lang='lat' dir='ltr'><strong>venientia</strong></span> <span class='ocrx_word' id='word_1_121' title='bbox 1211 2378 1316 2462; x_wconf 87' lang='lat' dir='ltr'><strong>longis</strong></span> 
     </span>
     <span class='ocr_line' id='line_1_20' title="bbox 551 2481 1463 2566; baseline -0.001 -19"><span class='ocrx_word' id='word_1_122' title='bbox 551 2481 767 2548; x_wconf 85' lang='lat' dir='ltr'><strong>transfodiunt</strong></span> <span class='ocrx_word' id='word_1_123' title='bbox 788 2481 901 2547; x_wconf 89' lang='lat' dir='ltr'><strong>contis.</strong></span> <span class='ocrx_word' id='word_1_124' title='bbox 947 2481 1106 2566; x_wconf 89' lang='lat' dir='ltr'><strong>trepidum</strong></span> <span class='ocrx_word' id='word_1_125' title='bbox 1127 2482 1216 2548; x_wconf 89' lang='lat' dir='ltr'><strong>iecur</strong></span> <span class='ocrx_word' id='word_1_126' title='bbox 1235 2481 1348 2547; x_wconf 90' lang='lat' dir='ltr'><strong>inserit</strong></span> <span class='ocrx_word' id='word_1_127' title='bbox 1370 2481 1463 2547; x_wconf 88' lang='lat' dir='ltr'><strong>hasta</strong></span> 
     </span>
     <span class='ocr_line' id='line_1_21' title="bbox 552 2584 1505 2670; baseline -0.002 -18"><span class='ocrx_word' id='word_1_128' title='bbox 552 2605 670 2668; x_wconf 82' lang='lat' dir='ltr'><strong>aerque</strong></span> <span class='ocrx_word' id='word_1_129' title='bbox 691 2584 805 2652; x_wconf 88' lang='lat' dir='ltr'><strong>virum.</strong></span> <span class='ocrx_word' id='word_1_130' title='bbox 853 2584 974 2651; x_wconf 89' lang='lat' dir='ltr'><strong>volucri</strong></span> <span class='ocrx_word' id='word_1_131' title='bbox 996 2584 1121 2652; x_wconf 88' lang='lat' dir='ltr'><strong>findunt</strong></span> <span class='ocrx_word' id='word_1_132' title='bbox 1143 2605 1223 2652; x_wconf 82' lang='lat' dir='ltr'><strong>aava</strong></span> <span class='ocrx_word' id='word_1_133' title='bbox 1243 2592 1389 2670; x_wconf 88' lang='lat' dir='ltr'><strong>tempora</strong></span> <span class='ocrx_word' id='word_1_134' title='bbox 1409 2584 1505 2650; x_wconf 87' lang='lat' dir='ltr'><strong>ferre.</strong></span> 
     </span>
     <span class='ocr_line' id='line_1_22' title="bbox 552 2688 1434 2774; baseline -0.003 -18"><span class='ocrx_word' id='word_1_135' title='bbox 552 2688 663 2774; x_wconf 78' lang='lat' dir='ltr'><strong>diripit</strong></span> <span class='ocrx_word' id='word_1_136' title='bbox 683 2688 741 2753; x_wconf 89' lang='lat' dir='ltr'><strong>ille</strong></span> <span class='ocrx_word' id='word_1_137' title='bbox 763 2694 876 2772; x_wconf 87' lang='lat' dir='ltr'><strong>caput,</strong></span> <span class='ocrx_word' id='word_1_138' title='bbox 902 2708 1053 2772; x_wconf 88' lang='lat' dir='ltr'><strong>magnum</strong></span> <span class='ocrx_word' id='word_1_139' title='bbox 1076 2688 1180 2755; x_wconf 82' lang='lat' dir='ltr'><strong>lemur</strong></span> <span class='ocrx_word' id='word_1_140' title='bbox 1200 2695 1345 2774; x_wconf 82' lang='lat' dir='ltr'><strong>amputat</strong></span> <span class='ocrx_word' id='word_1_141' title='bbox 1366 2688 1434 2754; x_wconf 94' lang='lat' dir='ltr'><strong>ille.</strong></span> 
     </span>
     <span class='ocr_line' id='line_1_23' title="bbox 553 2791 1311 2877; baseline -0.001 -18"><span class='ocrx_word' id='word_1_142' title='bbox 553 2812 616 2859; x_wconf 92' lang='lat' dir='ltr'><strong>nen</strong></span> <span class='ocrx_word' id='word_1_143' title='bbox 638 2791 733 2859; x_wconf 86' lang='lat' dir='ltr'><strong>aliter</strong></span> <span class='ocrx_word' id='word_1_144' title='bbox 754 2791 899 2876; x_wconf 89' lang='lat' dir='ltr'><strong>gemines</strong></span> <span class='ocrx_word' id='word_1_145' title='bbox 922 2799 1102 2877; x_wconf 85' lang='lat' dir='ltr'><strong>spectasses</strong></span> <span class='ocrx_word' id='word_1_146' title='bbox 1123 2812 1178 2859; x_wconf 88' lang='lat' dir='ltr'><strong>ere</strong></span> <span class='ocrx_word' id='word_1_147' title='bbox 1199 2793 1311 2859; x_wconf 87' lang='lat' dir='ltr'><strong>leones</strong></span> 
     </span>
     <span class='ocr_line' id='line_1_24' title="bbox 553 2895 1455 2981; baseline -0.003 -18"><span class='ocrx_word' id='word_1_148' title='bbox 553 2896 587 2963; x_wconf 91' lang='lat' dir='ltr'><strong>in</strong></span> <span class='ocrx_word' id='word_1_149' title='bbox 609 2895 732 2962; x_wconf 89' lang='lat' dir='ltr'><strong>medios</strong></span> <span class='ocrx_word' id='word_1_150' title='bbox 755 2895 879 2962; x_wconf 80' lang='lat' dir='ltr'><strong>saeuim</strong></span> <span class='ocrx_word' id='word_1_151' title='bbox 901 2915 1031 2981; x_wconf 87' lang='lat' dir='ltr'><strong>greges.</strong></span> <span class='ocrx_word' id='word_1_152' title='bbox 1076 2917 1161 2962; x_wconf 89' lang='lat' dir='ltr'><strong>nunc</strong></span> <span class='ocrx_word' id='word_1_153' title='bbox 1182 2897 1343 2981; x_wconf 89' lang='lat' dir='ltr'><strong>unguibus</strong></span> <span class='ocrx_word' id='word_1_154' title='bbox 1365 2904 1455 2962; x_wconf 84' lang='lat' dir='ltr'><strong>atrox</strong></span> 
     </span>
     <span class='ocr_line' id='line_1_25' title="bbox 555 2999 1450 3085; baseline -0.001 -19"><span class='ocrx_word' id='word_1_155' title='bbox 555 2999 663 3085; x_wconf 87' lang='lat' dir='ltr'><strong>diripit</strong></span> <span class='ocrx_word' id='word_1_156' title='bbox 684 3000 737 3066; x_wconf 89' lang='lat' dir='ltr'><strong>hic</strong></span> <span class='ocrx_word' id='word_1_157' title='bbox 758 2999 929 3085; x_wconf 89' lang='lat' dir='ltr'><strong>praedam;</strong></span> <span class='ocrx_word' id='word_1_158' title='bbox 955 3019 1040 3066; x_wconf 92' lang='lat' dir='ltr'><strong>nunc</strong></span> <span class='ocrx_word' id='word_1_159' title='bbox 1061 2999 1210 3066; x_wconf 81' lang='lat' dir='ltr'><strong>dentibus</strong></span> <span class='ocrx_word' id='word_1_160' title='bbox 1232 3000 1288 3066; x_wconf 92' lang='lat' dir='ltr'><strong>ille</strong></span> <span class='ocrx_word' id='word_1_161' title='bbox 1310 3000 1450 3067; x_wconf 88' lang='lat' dir='ltr'><strong>cruentis</strong></span> 
     </span>
     <span class='ocr_line' id='line_1_26' title="bbox 555 3101 1518 3189; baseline -0.002 -21"><span class='ocrx_word' id='word_1_162' title='bbox 555 3103 674 3186; x_wconf 85' lang='lat' dir='ltr'><strong>frangit</strong></span> <span class='ocrx_word' id='word_1_163' title='bbox 695 3102 793 3169; x_wconf 90' lang='lat' dir='ltr'><strong>mollo</strong></span> <span class='ocrx_word' id='word_1_164' title='bbox 815 3121 929 3189; x_wconf 81' lang='lat' dir='ltr'><strong>pecus,</strong></span> <span class='ocrx_word' id='word_1_165' title='bbox 955 3102 1128 3188; x_wconf 84' lang='lat' dir='ltr'><strong>tepidoque</strong></span> <span class='ocrx_word' id='word_1_166' title='bbox 1150 3103 1185 3168; x_wconf 92' lang='lat' dir='ltr'><strong>in</strong></span> <span class='ocrx_word' id='word_1_167' title='bbox 1207 3103 1364 3186; x_wconf 86' lang='lat' dir='ltr'><strong>sanguine</strong></span> <span class='ocrx_word' id='word_1_168' title='bbox 1386 3101 1518 3186; x_wconf 84' lang='lat' dir='ltr'><strong>gaudet.</strong></span> 
     </span>
     <span class='ocr_line' id='line_1_27' title="bbox 554 3205 1396 3292; baseline 0 -20"><span class='ocrx_word' id='word_1_169' title='bbox 554 3213 589 3272; x_wconf 88' lang='lat' dir='ltr'><strong>at</strong></span> <span class='ocrx_word' id='word_1_170' title='bbox 609 3212 701 3292; x_wconf 89' lang='lat' dir='ltr'><strong>parte</strong></span> <span class='ocrx_word' id='word_1_171' title='bbox 724 3227 764 3272; x_wconf 85' lang='lat' dir='ltr'><strong>ex</strong></span> <span class='ocrx_word' id='word_1_172' title='bbox 786 3205 852 3272; x_wconf 88' lang='lat' dir='ltr'><strong>alia</strong></span> <span class='ocrx_word' id='word_1_173' title='bbox 873 3205 1043 3272; x_wconf 86' lang='lat' dir='ltr'><strong>Bulmitzis</strong></span> <span class='ocrx_word' id='word_1_174' title='bbox 1065 3213 1098 3272; x_wconf 92' lang='lat' dir='ltr'><strong>et</strong></span> <span class='ocrx_word' id='word_1_175' title='bbox 1119 3205 1260 3272; x_wconf 83' lang='lat' dir='ltr'><strong>Ariaritlr</strong></span> <span class='ocrx_word' id='word_1_176' title='bbox 1281 3207 1396 3290; x_wconf 85' lang='lat' dir='ltr'><strong>ingens</strong></span> 
     </span>
     <span class='ocr_line' id='line_1_28' title="bbox 555 3305 1411 3395; baseline 0 -21"><span class='ocrx_word' id='word_1_177' title='bbox 555 3309 746 3393; x_wconf 87' lang='lat' dir='ltr'><strong>Doretisque</strong></span> <span class='ocrx_word' id='word_1_178' title='bbox 769 3309 859 3376; x_wconf 83' lang='lat' dir='ltr'><strong>ferox</strong></span> <span class='ocrx_word' id='word_1_179' title='bbox 879 3315 977 3393; x_wconf 89' lang='lat' dir='ltr'><strong>atque</strong></span> <span class='ocrx_word' id='word_1_180' title='bbox 999 3309 1139 3394; x_wconf 83' lang='lat' dir='ltr'><strong>armiger</strong></span> <span class='ocrx_word' id='word_1_181' title='bbox 1160 3310 1230 3395; x_wconf 90' lang='lat' dir='ltr'><strong>ipse</strong></span> <span class='ocrx_word' id='word_1_182' title='bbox 1251 3305 1411 3376; x_wconf 87' lang='lat' dir='ltr'><strong>Iohannes</strong></span> 
     </span>
     <span class='ocr_line' id='line_1_29' title="bbox 470 3407 1405 3498; baseline -0.001 -17"><span class='ocrx_word' id='word_1_183' title='bbox 470 3487 471 3490; x_wconf 47' lang='lat'>,</span> <span class='ocrx_word' id='word_1_184' title='bbox 556 3413 748 3498; x_wconf 87' lang='lat' dir='ltr'><strong>funeraper</strong></span> <span class='ocrx_word' id='word_1_185' title='bbox 770 3414 853 3480; x_wconf 92' lang='lat' dir='ltr'><strong>latos</strong></span> <span class='ocrx_word' id='word_1_186' title='bbox 876 3413 1171 3482; x_wconf 84' lang='lat' dir='ltr'><strong>contravenientis</strong></span> <span class='ocrx_word' id='word_1_187' title='bbox 1193 3433 1322 3498; x_wconf 91' lang='lat' dir='ltr'><strong>campos</strong></span> <span class='ocrx_word' id='word_1_188' title='bbox 1402 3407 1405 3414; x_wconf 54' lang='lat'><strong>⁴</strong></span> 
     </span>
     <span class='ocr_line' id='line_1_30' title="bbox 556 3516 1388 3603; baseline 0 -21"><span class='ocrx_word' id='word_1_189' title='bbox 556 3517 688 3584; x_wconf 85' lang='lat' dir='ltr'><strong>vulnere</strong></span> <span class='ocrx_word' id='word_1_190' title='bbox 711 3516 889 3584; x_wconf 87' lang='lat' dir='ltr'><strong>fundebunt</strong></span> <span class='ocrx_word' id='word_1_191' title='bbox 910 3517 1011 3583; x_wconf 89' lang='lat' dir='ltr'><strong>varie.</strong></span> <span class='ocrx_word' id='word_1_192' title='bbox 1058 3537 1209 3584; x_wconf 89' lang='lat' dir='ltr'><strong>mucrene</strong></span> <span class='ocrx_word' id='word_1_193' title='bbox 1231 3517 1388 3603; x_wconf 90' lang='lat' dir='ltr'><strong>superbus</strong></span> 
     </span>
     <span class='ocr_line' id='line_1_31' title="bbox 555 3607 1333 3706; baseline 0 -20"><span class='ocrx_word' id='word_1_194' title='bbox 555 3621 612 3686; x_wconf 93' lang='lat' dir='ltr'><strong>ille</strong></span> <span class='ocrx_word' id='word_1_195' title='bbox 635 3621 727 3702; x_wconf 86' lang='lat' dir='ltr'><strong>furit,</strong></span> <span class='ocrx_word' id='word_1_196' title='bbox 753 3621 819 3706; x_wconf 92' lang='lat' dir='ltr'><strong>pile</strong></span> <span class='ocrx_word' id='word_1_197' title='bbox 841 3621 955 3687; x_wconf 88' lang='lat' dir='ltr'><strong>melior</strong></span> <span class='ocrx_word' id='word_1_198' title='bbox 977 3620 1065 3687; x_wconf 88' lang='lat' dir='ltr'><strong>valet</strong></span> <span class='ocrx_word' id='word_1_199' title='bbox 1085 3620 1205 3686; x_wconf 89' lang='lat' dir='ltr'><strong>arduus</strong></span> <span class='ocrx_word' id='word_1_200' title='bbox 1226 3620 1300 3704; x_wconf 84' lang='lat' dir='ltr'><strong>ille,</strong></span> <span class='ocrx_word' id='word_1_201' title='bbox 1332 3607 1333 3612; x_wconf 6' lang='grc' dir='ltr'>ἵ</span> 
     </span>
     <span class='ocr_line' id='line_1_32' title="bbox 556 3722 1371 3808; baseline 0.001 -19"><span class='ocrx_word' id='word_1_202' title='bbox 556 3724 608 3790; x_wconf 90' lang='lat' dir='ltr'><strong>hio</strong></span> <span class='ocrx_word' id='word_1_203' title='bbox 629 3730 756 3808; x_wconf 89' lang='lat' dir='ltr'><strong>torquet</strong></span> <span class='ocrx_word' id='word_1_204' title='bbox 776 3722 900 3807; x_wconf 85' lang='lat' dir='ltr'><strong>rigidas</strong></span> <span class='ocrx_word' id='word_1_205' title='bbox 921 3743 1019 3791; x_wconf 86' lang='lat' dir='ltr'><strong>nervo</strong></span> <span class='ocrx_word' id='word_1_206' title='bbox 1042 3723 1196 3792; x_wconf 84' lang='lat' dir='ltr'><strong>stridente</strong></span> <span class='ocrx_word' id='word_1_207' title='bbox 1219 3723 1371 3808; x_wconf 81' lang='lat' dir='ltr'><strong>sagittas,</strong></span> 
     </span>
     <span class='ocr_line' id='line_1_33' title="bbox 556 3827 1429 3913; baseline -0.001 -21"><span class='ocrx_word' id='word_1_208' title='bbox 556 3827 609 3892; x_wconf 91' lang='lat' dir='ltr'><strong>hio</strong></span> <span class='ocrx_word' id='word_1_209' title='bbox 631 3827 737 3894; x_wconf 85' lang='lat' dir='ltr'><strong>fremit</strong></span> <span class='ocrx_word' id='word_1_210' title='bbox 757 3833 826 3893; x_wconf 88' lang='lat' dir='ltr'><strong>arte</strong></span> <span class='ocrx_word' id='word_1_211' title='bbox 848 3833 960 3913; x_wconf 90' lang='lat' dir='ltr'><strong>potens</strong></span> <span class='ocrx_word' id='word_1_212' title='bbox 983 3834 1017 3894; x_wconf 92' lang='lat' dir='ltr'><strong>et</strong></span> <span class='ocrx_word' id='word_1_213' title='bbox 1037 3827 1111 3894; x_wconf 89' lang='lat' dir='ltr'><strong>telis</strong></span> <span class='ocrx_word' id='word_1_214' title='bbox 1133 3834 1256 3913; x_wconf 85' lang='lat' dir='ltr'><strong>pugnat</strong></span> <span class='ocrx_word' id='word_1_215' title='bbox 1277 3827 1429 3911; x_wconf 88' lang='lat' dir='ltr'><strong>utrisque.</strong></span> 
     </span>
     <span class='ocr_line' id='line_1_34' title="bbox 556 3930 1350 4015; baseline 0.003 -19"><span class='ocrx_word' id='word_1_216' title='bbox 556 3931 627 4015; x_wconf 84' lang='lat' dir='ltr'><strong>ipse</strong></span> <span class='ocrx_word' id='word_1_217' title='bbox 648 3931 732 3998; x_wconf 90' lang='lat' dir='ltr'><strong>inter</strong></span> <span class='ocrx_word' id='word_1_218' title='bbox 753 3930 875 3998; x_wconf 88' lang='lat' dir='ltr'><strong>medios</strong></span> <span class='ocrx_word' id='word_1_219' title='bbox 899 3930 1011 3998; x_wconf 90' lang='lat' dir='ltr'><strong>dueter</strong></span> <span class='ocrx_word' id='word_1_220' title='bbox 1032 3951 1182 3999; x_wconf 89' lang='lat' dir='ltr'><strong>mucrone</strong></span> <span class='ocrx_word' id='word_1_221' title='bbox 1205 3939 1350 3998; x_wconf 81' lang='lat' dir='ltr'><strong>coruscat</strong></span> 
     </span>
     <span class='ocr_line' id='line_1_35' title="bbox 556 4033 1378 4120; baseline 0.001 -21"><span class='ocrx_word' id='word_1_222' title='bbox 556 4033 729 4117; x_wconf 82' lang='lat' dir='ltr'><strong>fulmineo,</strong></span> <span class='ocrx_word' id='word_1_223' title='bbox 754 4035 890 4102; x_wconf 89' lang='lat' dir='ltr'><strong>hostiles</strong></span> <span class='ocrx_word' id='word_1_224' title='bbox 912 4055 1026 4101; x_wconf 88' lang='lat' dir='ltr'><strong>arcens</strong></span> <span class='ocrx_word' id='word_1_225' title='bbox 1047 4042 1166 4102; x_wconf 82' lang='lat' dir='ltr'><strong>terrore</strong></span> <span class='ocrx_word' id='word_1_226' title='bbox 1187 4036 1378 4120; x_wconf 87' lang='lat' dir='ltr'><strong>phalanges.</strong></span> 
     </span>
     <span class='ocr_line' id='line_1_36' title="bbox 558 4137 1429 4225; baseline 0.002 -21"><span class='ocrx_word' id='word_1_227' title='bbox 558 4137 698 4205; x_wconf 89' lang='lat' dir='ltr'><strong>carmine</strong></span> <span class='ocrx_word' id='word_1_228' title='bbox 720 4158 783 4204; x_wconf 94' lang='lat' dir='ltr'><strong>nen</strong></span> <span class='ocrx_word' id='word_1_229' title='bbox 805 4137 899 4204; x_wconf 87' lang='lat' dir='ltr'><strong>aliter</strong></span> <span class='ocrx_word' id='word_1_230' title='bbox 921 4137 1064 4205; x_wconf 85' lang='lat' dir='ltr'><strong>referunt</strong></span> <span class='ocrx_word' id='word_1_231' title='bbox 1083 4159 1142 4225; x_wconf 88' lang='lat' dir='ltr'><strong>per</strong></span> <span class='ocrx_word' id='word_1_232' title='bbox 1162 4139 1250 4205; x_wconf 90' lang='lat' dir='ltr'><strong>bella</strong></span> <span class='ocrx_word' id='word_1_233' title='bbox 1272 4139 1429 4223; x_wconf 86' lang='lat' dir='ltr'><strong>Gigantes</strong></span> 
     </span>
     <span class='ocr_line' id='line_1_37' title="bbox 557 4233 1421 4323; baseline 0.002 -17"><span class='ocrx_word' id='word_1_234' title='bbox 557 4247 713 4308; x_wconf 90' lang='lat' dir='ltr'><strong>armatum</strong></span> <span class='ocrx_word' id='word_1_235' title='bbox 736 4233 906 4308; x_wconf 75' lang='lat' dir='ltr'><strong>uomuisse</strong></span> <span class='ocrx_word' id='word_1_236' title='bbox 926 4241 1053 4323; x_wconf 80' lang='lat' dir='ltr'><strong>Iovem,</strong></span> <span class='ocrx_word' id='word_1_237' title='bbox 1080 4260 1152 4307; x_wconf 89' lang='lat' dir='ltr'><strong>cum</strong></span> <span class='ocrx_word' id='word_1_238' title='bbox 1174 4241 1317 4307; x_wconf 88' lang='lat' dir='ltr'><strong>fulminis</strong></span> <span class='ocrx_word' id='word_1_239' title='bbox 1339 4243 1421 4310; x_wconf 90' lang='lat' dir='ltr'><strong>ictus</strong></span> 
     </span>
     <span class='ocr_line' id='line_1_38' title="bbox 557 4342 1372 4429; baseline 0.001 -19"><span class='ocrx_word' id='word_1_240' title='bbox 557 4344 706 4429; x_wconf 88' lang='lat' dir='ltr'><strong>perderet</strong></span> <span class='ocrx_word' id='word_1_241' title='bbox 728 4343 899 4412; x_wconf 88' lang='lat' dir='ltr'><strong>horribiles</strong></span> <span class='ocrx_word' id='word_1_242' title='bbox 921 4342 1070 4428; x_wconf 88' lang='lat' dir='ltr'><strong>flagranti</strong></span> <span class='ocrx_word' id='word_1_243' title='bbox 1092 4346 1224 4412; x_wconf 83' lang='lat' dir='ltr'><strong>vulnere</strong></span> <span class='ocrx_word' id='word_1_244' title='bbox 1246 4345 1372 4412; x_wconf 84' lang='lat' dir='ltr'><strong>fratres.</strong></span> 
     </span>
     <span class='ocr_line' id='line_1_39' title="bbox 643 4447 1495 4534; baseline 0.004 -20"><span class='ocrx_word' id='word_1_245' title='bbox 643 4447 785 4515; x_wconf 88' lang='lat' dir='ltr'><strong>vinceret</strong></span> <span class='ocrx_word' id='word_1_246' title='bbox 805 4448 864 4516; x_wconf 91' lang='lat' dir='ltr'><strong>illa</strong></span> <span class='ocrx_word' id='word_1_247' title='bbox 885 4467 1018 4530; x_wconf 85' lang='lat' dir='ltr'><strong>manus,</strong></span> <span class='ocrx_word' id='word_1_248' title='bbox 1043 4447 1077 4514; x_wconf 91' lang='lat' dir='ltr'><strong>ni</strong></span> <span class='ocrx_word' id='word_1_249' title='bbox 1098 4455 1174 4514; x_wconf 90' lang='lat' dir='ltr'><strong>tuno</strong></span> <span class='ocrx_word' id='word_1_250' title='bbox 1195 4448 1322 4516; x_wconf 76' lang='lat' dir='ltr'><strong>fortuna</strong></span> <span class='ocrx_word' id='word_1_251' title='bbox 1342 4457 1495 4534; x_wconf 88' lang='lat' dir='ltr'><strong>negasset</strong></span> 
     </span>
     <span class='ocr_line' id='line_1_40' title="bbox 559 4551 1326 4636; baseline 0.004 -20"><span class='ocrx_word' id='word_1_252' title='bbox 559 4569 726 4618; x_wconf 88' lang='lat' dir='ltr'><strong>successus</strong></span> <span class='ocrx_word' id='word_1_253' title='bbox 747 4552 831 4618; x_wconf 88' lang='lat' dir='ltr'><strong>irata</strong></span> <span class='ocrx_word' id='word_1_254' title='bbox 852 4570 938 4618; x_wconf 89' lang='lat' dir='ltr'><strong>suos.</strong></span> <span class='ocrx_word' id='word_1_255' title='bbox 984 4551 1050 4617; x_wconf 90' lang='lat' dir='ltr'><strong>iam</strong></span> <span class='ocrx_word' id='word_1_256' title='bbox 1074 4551 1189 4618; x_wconf 85' lang='lat' dir='ltr'><strong>erescit</strong></span> <span class='ocrx_word' id='word_1_257' title='bbox 1208 4551 1326 4636; x_wconf 89' lang='lat' dir='ltr'><strong>iniquis</strong></span> 
     </span>
     <span class='ocr_line' id='line_1_41' title="bbox 558 4653 1409 4740; baseline 0.002 -20"><span class='ocrx_word' id='word_1_258' title='bbox 558 4653 763 4721; x_wconf 88' lang='lat' dir='ltr'><strong>innumerosa</strong></span> <span class='ocrx_word' id='word_1_259' title='bbox 784 4673 907 4720; x_wconf 88' lang='lat' dir='ltr'><strong>manus.</strong></span> <span class='ocrx_word' id='word_1_260' title='bbox 955 4653 1098 4740; x_wconf 88' lang='lat' dir='ltr'><strong>peditum</strong></span> <span class='ocrx_word' id='word_1_261' title='bbox 1121 4675 1238 4722; x_wconf 85' lang='lat' dir='ltr'><strong>venero</strong></span> <span class='ocrx_word' id='word_1_262' title='bbox 1261 4662 1409 4722; x_wconf 85' lang='lat' dir='ltr'><strong>catervae</strong></span> 
     </span>
     <span class='ocr_line' id='line_1_42' title="bbox 481 4755 1516 4844; baseline 0.006 -23"><span class='ocrx_word' id='word_1_263' title='bbox 481 4835 485 4844; x_wconf 27' lang='lat'><em>¹</em></span> <span class='ocrx_word' id='word_1_264' title='bbox 559 4755 798 4824; x_wconf 88' lang='lat' dir='ltr'><strong>Marmaridum.</strong></span> <span class='ocrx_word' id='word_1_265' title='bbox 845 4756 980 4824; x_wconf 88' lang='lat' dir='ltr'><strong>densum</strong></span> <span class='ocrx_word' id='word_1_266' title='bbox 1004 4757 1213 4825; x_wconf 86' lang='lat' dir='ltr'><strong>circumvolat</strong></span> <span class='ocrx_word' id='word_1_267' title='bbox 1234 4758 1376 4842; x_wconf 90' lang='lat' dir='ltr'><strong>undique</strong></span> <span class='ocrx_word' id='word_1_268' title='bbox 1398 4760 1516 4827; x_wconf 87' lang='lat' dir='ltr'><strong>lenum</strong></span> 
     </span>
     <span class='ocr_line' id='line_1_43' title="bbox 416 4859 1393 4946; baseline 0.006 -24"><span class='ocrx_word' id='word_1_269' title='bbox 416 4881 464 4922; x_wconf 78' lang='lat' dir='ltr'><strong>oss</strong></span> <span class='ocrx_word' id='word_1_270' title='bbox 560 4859 677 4945; x_wconf 87' lang='lat' dir='ltr'><strong>stipitis</strong></span> <span class='ocrx_word' id='word_1_271' title='bbox 699 4867 732 4928; x_wconf 88' lang='lat' dir='ltr'><strong>et</strong></span> <span class='ocrx_word' id='word_1_272' title='bbox 752 4859 879 4945; x_wconf 86' lang='lat' dir='ltr'><strong>gravidi</strong></span> <span class='ocrx_word' id='word_1_273' title='bbox 901 4861 1013 4943; x_wconf 87' lang='lat' dir='ltr'><strong>robur,</strong></span> <span class='ocrx_word' id='word_1_274' title='bbox 1039 4859 1228 4946; x_wconf 84' lang='lat' dir='ltr'><strong>lapidesque</strong></span> <span class='ocrx_word' id='word_1_275' title='bbox 1250 4861 1393 4929; x_wconf 90' lang='lat' dir='ltr'><strong>minaces</strong></span> 
     </span>
    </p>
   </div>
   <div class='ocr_carea' id='block_1_3' title="bbox 175 5155 1800 5825">
    <p class='ocr_par' dir='ltr' id='par_1_3' title="bbox 175 5155 1800 5825">
     <span class='ocr_line' id='line_1_44' title="bbox 246 5155 1797 5225; baseline 0.002 -19"><span class='ocrx_word' id='word_1_276' title='bbox 246 5155 296 5206; x_wconf 81' lang='grc'><strong>624</strong></span> <span class='ocrx_word' id='word_1_277' title='bbox 314 5158 407 5208; x_wconf 85' lang='lat' dir='ltr'><strong>llecttta</strong></span> <span class='ocrx_word' id='word_1_278' title='bbox 421 5157 510 5220; x_wconf 61' lang='lat' dir='ltr'><strong>Mass„</strong></span> <span class='ocrx_word' id='word_1_279' title='bbox 531 5159 628 5207; x_wconf 74' lang='lat' dir='ltr'><strong>nectare</strong></span> <span class='ocrx_word' id='word_1_280' title='bbox 643 5157 663 5204; x_wconf 99' lang='grc' dir='ltr'><em>Τ</em></span> <span class='ocrx_word' id='word_1_281' title='bbox 750 5155 799 5206; x_wconf 82' lang='grc'><strong>625</strong></span> <span class='ocrx_word' id='word_1_282' title='bbox 817 5155 970 5206; x_wconf 84' lang='lat' dir='ltr'><strong>contemnite</strong></span> <span class='ocrx_word' id='word_1_283' title='bbox 982 5155 1068 5219; x_wconf 61' lang='lat' dir='ltr'><strong>Brisa,</strong></span> <span class='ocrx_word' id='word_1_284' title='bbox 1089 5159 1231 5208; x_wconf 84' lang='lat' dir='ltr'><strong>cenccmltc</strong></span> <span class='ocrx_word' id='word_1_285' title='bbox 1246 5159 1276 5220; x_wconf 92' lang='grc' dir='ltr'><em>Τ,</em></span> <span class='ocrx_word' id='word_1_286' title='bbox 1296 5161 1447 5210; x_wconf 76' lang='lat' dir='ltr'><strong>consternite</strong></span> <span class='ocrx_word' id='word_1_287' title='bbox 1460 5160 1536 5210; x_wconf 76' lang='lat' dir='ltr'><strong>Mosa.</strong></span> <span class='ocrx_word' id='word_1_288' title='bbox 1623 5161 1672 5211; x_wconf 81' lang='grc'><strong>604</strong></span> <span class='ocrx_word' id='word_1_289' title='bbox 1691 5176 1763 5225; x_wconf 84' lang='lat' dir='ltr'><strong>aspar</strong></span> <span class='ocrx_word' id='word_1_290' title='bbox 1776 5162 1797 5209; x_wconf 93' lang='grc' dir='ltr'><em>Τ</em></span> 
     </span>
     <span class='ocr_line' id='line_1_45' title="bbox 176 5240 1796 5311; baseline 0.002 -19"><span class='ocrx_word' id='word_1_291' title='bbox 176 5241 226 5292; x_wconf 82' lang='grc'><strong>636</strong></span> <span class='ocrx_word' id='word_1_292' title='bbox 244 5256 331 5292; x_wconf 83' lang='lat' dir='ltr'><strong>sarens</strong></span> <span class='ocrx_word' id='word_1_293' title='bbox 350 5243 439 5304; x_wconf 65' lang='lat' dir='ltr'><strong>Mum„</strong></span> <span class='ocrx_word' id='word_1_294' title='bbox 465 5243 577 5294; x_wconf 73' lang='lat' dir='ltr'><strong>transl·</strong></span> <span class='ocrx_word' id='word_1_295' title='bbox 698 5240 748 5292; x_wconf 87' lang='grc'><strong>638</strong></span> <span class='ocrx_word' id='word_1_296' title='bbox 766 5241 871 5304; x_wconf 78' lang='grc' dir='ltr'><strong>ΙίριιΤ</strong></span> <span class='ocrx_word' id='word_1_297' title='bbox 992 5241 1042 5292; x_wconf 92' lang='grc'><strong>640</strong></span> <span class='ocrx_word' id='word_1_298' title='bbox 1061 5244 1216 5292; x_wconf 80' lang='grc' dir='ltr'><strong>ιιιΙιιιιιιιιΤ</strong></span> <span class='ocrx_word' id='word_1_299' title='bbox 1337 5244 1387 5295; x_wconf 80' lang='lat' dir='ltr'><strong>ott</strong></span> <span class='ocrx_word' id='word_1_300' title='bbox 1406 5248 1531 5308; x_wconf 81' lang='lat' dir='ltr'><strong>trepidum</strong></span> <span class='ocrx_word' id='word_1_301' title='bbox 1551 5247 1645 5311; x_wconf 61' lang='grc' dir='ltr'><strong>Μαι,</strong></span> <span class='ocrx_word' id='word_1_302' title='bbox 1666 5251 1755 5298; x_wconf 88' lang='lat' dir='ltr'><strong>trltum</strong></span> <span class='ocrx_word' id='word_1_303' title='bbox 1776 5249 1796 5296; x_wconf 92' lang='grc' dir='ltr'><em>Τ</em></span> 
     </span>
     <span class='ocr_line' id='line_1_46' title="bbox 176 5327 1798 5398; baseline 0.004 -22"><span class='ocrx_word' id='word_1_304' title='bbox 176 5327 460 5392; x_wconf 63' lang='lat' dir='ltr'><strong>ostensionemque,</strong></span> <span class='ocrx_word' id='word_1_305' title='bbox 488 5330 640 5380; x_wconf 80' lang='lat' dir='ltr'><strong>laudnutT</strong></span> <span class='ocrx_word' id='word_1_306' title='bbox 778 5329 827 5378; x_wconf 87' lang='grc'><strong>644</strong></span> <span class='ocrx_word' id='word_1_307' title='bbox 846 5342 964 5390; x_wconf 76' lang='lat' dir='ltr'><strong>magum</strong></span> <span class='ocrx_word' id='word_1_308' title='bbox 985 5327 1020 5390; x_wconf 88' lang='grc' dir='ltr'><strong>Τ,</strong></span> <span class='ocrx_word' id='word_1_309' title='bbox 1049 5330 1158 5379; x_wconf 85' lang='lat' dir='ltr'><strong>medinm</strong></span> <span class='ocrx_word' id='word_1_310' title='bbox 1176 5330 1256 5380; x_wconf 75' lang='lat' dir='ltr'><strong>Mass.</strong></span> <span class='ocrx_word' id='word_1_311' title='bbox 1395 5340 1509 5396; x_wconf 83' lang='lat' dir='ltr'><strong>amputat</strong></span> <span class='ocrx_word' id='word_1_312' title='bbox 1528 5333 1620 5394; x_wconf 73' lang='lat' dir='ltr'><strong>Mosa,</strong></span> <span class='ocrx_word' id='word_1_313' title='bbox 1646 5335 1798 5398; x_wconf 79' lang='lat' dir='ltr'><strong>lmpnestl&#39;</strong></span> 
     </span>
     <span class='ocr_line' id='line_1_47' title="bbox 176 5413 1800 5480; baseline 0.002 -17"><span class='ocrx_word' id='word_1_314' title='bbox 176 5414 226 5464; x_wconf 93' lang='grc'><strong>645</strong></span> <span class='ocrx_word' id='word_1_315' title='bbox 244 5421 383 5479; x_wconf 82' lang='lat' dir='ltr'><strong>spectasses</strong></span> <span class='ocrx_word' id='word_1_316' title='bbox 400 5419 495 5477; x_wconf 77' lang='lat' dir='ltr'><strong>scripsi,</strong></span> <span class='ocrx_word' id='word_1_317' title='bbox 515 5421 652 5480; x_wconf 79' lang='lat' dir='ltr'><strong>spettsssst</strong></span> <span class='ocrx_word' id='word_1_318' title='bbox 672 5416 700 5476; x_wconf 82' lang='lat' dir='ltr'><strong>T,</strong></span> <span class='ocrx_word' id='word_1_319' title='bbox 721 5421 878 5479; x_wconf 79' lang='lat' dir='ltr'><strong>spectassent</strong></span> <span class='ocrx_word' id='word_1_320' title='bbox 896 5413 974 5466; x_wconf 80' lang='lat' dir='ltr'><strong>Mosa.</strong></span> <span class='ocrx_word' id='word_1_321' title='bbox 1029 5425 1032 5430; x_wconf 86' lang='lat'>&#39;</span> <span class='ocrx_word' id='word_1_322' title='bbox 1079 5429 1121 5466; x_wconf 82' lang='lat' dir='ltr'><strong>ers</strong></span> <span class='ocrx_word' id='word_1_323' title='bbox 1138 5417 1225 5480; x_wconf 79' lang='lat' dir='ltr'><strong>Brltla,</strong></span> <span class='ocrx_word' id='word_1_324' title='bbox 1251 5431 1292 5466; x_wconf 83' lang='lat' dir='ltr'><strong>ers</strong></span> <span class='ocrx_word' id='word_1_325' title='bbox 1312 5418 1333 5465; x_wconf 91' lang='grc' dir='ltr'><em>Τ</em></span> <span class='ocrx_word' id='word_1_326' title='bbox 1435 5418 1487 5469; x_wconf 96' lang='grc'><strong>646</strong></span> <span class='ocrx_word' id='word_1_327' title='bbox 1505 5434 1571 5470; x_wconf 87' lang='lat' dir='ltr'><strong>nuuc</strong></span> <span class='ocrx_word' id='word_1_328' title='bbox 1589 5421 1675 5479; x_wconf 76' lang='lat' dir='ltr'><strong>Bella,</strong></span> <span class='ocrx_word' id='word_1_329' title='bbox 1698 5425 1759 5468; x_wconf 87' lang='lat' dir='ltr'><strong>tunc</strong></span> <span class='ocrx_word' id='word_1_330' title='bbox 1779 5419 1800 5466; x_wconf 91' lang='grc' dir='ltr'><em>Τ</em></span> 
     </span>
     <span class='ocr_line' id='line_1_48' title="bbox 176 5499 1796 5568; baseline 0.002 -18"><span class='ocrx_word' id='word_1_331' title='bbox 176 5499 226 5552; x_wconf 77' lang='lat' dir='ltr'><strong>est</strong></span> <span class='ocrx_word' id='word_1_332' title='bbox 245 5502 285 5550; x_wconf 85' lang='lat' dir='ltr'><strong>hle</strong></span> <span class='ocrx_word' id='word_1_333' title='bbox 296 5503 411 5565; x_wconf 83' lang='lat' dir='ltr'><strong>praedam</strong></span> <span class='ocrx_word' id='word_1_334' title='bbox 423 5502 509 5564; x_wconf 67' lang='lat' dir='ltr'><strong>aaut„</strong></span> <span class='ocrx_word' id='word_1_335' title='bbox 524 5503 566 5552; x_wconf 85' lang='lat' dir='ltr'><strong>lllc</strong></span> <span class='ocrx_word' id='word_1_336' title='bbox 579 5503 680 5566; x_wconf 80' lang='lat' dir='ltr'><strong>predam</strong></span> <span class='ocrx_word' id='word_1_337' title='bbox 696 5503 722 5565; x_wconf 90' lang='grc' dir='ltr'><em>Τ,</em></span> <span class='ocrx_word' id='word_1_338' title='bbox 738 5502 780 5551; x_wconf 86' lang='lat' dir='ltr'><strong>llls</strong></span> <span class='ocrx_word' id='word_1_339' title='bbox 791 5515 889 5563; x_wconf 77' lang='lat' dir='ltr'><strong>gregem</strong></span> <span class='ocrx_word' id='word_1_340' title='bbox 903 5501 982 5553; x_wconf 82' lang='lat' dir='ltr'><strong>Meas.</strong></span> <span class='ocrx_word' id='word_1_341' title='bbox 1088 5502 1138 5554; x_wconf 88' lang='grc'><strong>640</strong></span> <span class='ocrx_word' id='word_1_342' title='bbox 1156 5505 1450 5554; x_wconf 75' lang='lat' dir='ltr'><strong>bulmltlsstsrlsrthT</strong></span> <span class='ocrx_word' id='word_1_343' title='bbox 1553 5506 1603 5556; x_wconf 91' lang='grc'><strong>650</strong></span> <span class='ocrx_word' id='word_1_344' title='bbox 1621 5505 1796 5568; x_wconf 69' lang='grc' dir='ltr'><strong>ιιιιιιιΒὰΙι.,</strong></span> 
     </span>
     <span class='ocr_line' id='line_1_49' title="bbox 175 5587 1799 5653; baseline 0.002 -19"><span class='ocrx_word' id='word_1_345' title='bbox 175 5587 239 5634; x_wconf 78' lang='grc' dir='ltr'><strong>ιιΤ</strong></span> <span class='ocrx_word' id='word_1_346' title='bbox 341 5589 459 5637; x_wconf 81' lang='lat' dir='ltr'><strong>Iohannis</strong></span> <span class='ocrx_word' id='word_1_347' title='bbox 472 5588 662 5649; x_wconf 59' lang='lat' dir='ltr'><strong>Haemodes.</strong></span> <span class='ocrx_word' id='word_1_348' title='bbox 679 5589 814 5639; x_wconf 76' lang='lat' dir='ltr'><em>V111620.</em></span> <span class='ocrx_word' id='word_1_349' title='bbox 828 5588 879 5636; x_wconf 79' lang='grc'><strong>660</strong></span> <span class='ocrx_word' id='word_1_350' title='bbox 978 5587 1027 5638; x_wconf 85' lang='grc'><strong>658</strong></span> <span class='ocrx_word' id='word_1_351' title='bbox 1045 5591 1153 5638; x_wconf 76' lang='lat' dir='ltr'><strong>carmine</strong></span> <span class='ocrx_word' id='word_1_352' title='bbox 1168 5591 1196 5651; x_wconf 88' lang='grc' dir='ltr'><strong>Τ,</strong></span> <span class='ocrx_word' id='word_1_353' title='bbox 1211 5590 1480 5652; x_wconf 78' lang='lat' dir='ltr'><strong>csrmlnslepitldcss.</strong></span> <span class='ocrx_word' id='word_1_354' title='bbox 1577 5593 1628 5643; x_wconf 90' lang='grc'><strong>660</strong></span> <span class='ocrx_word' id='word_1_355' title='bbox 1647 5592 1799 5653; x_wconf 66' lang='lat' dir='ltr'><strong>ungemar</strong></span> 
     </span>
     <span class='ocr_line' id='line_1_50' title="bbox 177 5671 1798 5740; baseline 0.002 -20"><span class='ocrx_word' id='word_1_356' title='bbox 177 5671 222 5722; x_wconf 85' lang='grc'><strong>661</strong></span> <span class='ocrx_word' id='word_1_357' title='bbox 251 5672 288 5722; x_wconf 80' lang='lat' dir='ltr'><strong>lic</strong></span> <span class='ocrx_word' id='word_1_358' title='bbox 310 5688 394 5723; x_wconf 76' lang='lat' dir='ltr'><strong>versas</strong></span> <span class='ocrx_word' id='word_1_359' title='bbox 419 5677 445 5724; x_wconf 87' lang='lat' dir='ltr'><strong>tu</strong></span> <span class='ocrx_word' id='word_1_360' title='bbox 466 5674 556 5724; x_wconf 78' lang='lat' dir='ltr'><strong>codicis</strong></span> <span class='ocrx_word' id='word_1_361' title='bbox 580 5673 651 5734; x_wconf 73' lang='lat' dir='ltr'><strong>follis</strong></span> <span class='ocrx_word' id='word_1_362' title='bbox 668 5675 764 5724; x_wconf 81' lang='lat' dir='ltr'><strong>duodus</strong></span> <span class='ocrx_word' id='word_1_363' title='bbox 782 5675 819 5723; x_wconf 78' lang='lat' dir='ltr'><strong>tls</strong></span> <span class='ocrx_word' id='word_1_364' title='bbox 837 5677 873 5722; x_wconf 85' lang='lat' dir='ltr'><strong>ito</strong></span> <span class='ocrx_word' id='word_1_365' title='bbox 890 5679 1007 5724; x_wconf 72' lang='lat' dir='ltr'><strong>crocotas</strong></span> <span class='ocrx_word' id='word_1_366' title='bbox 1024 5679 1073 5734; x_wconf 83' lang='lat' dir='ltr'><strong>ast,</strong></span> <span class='ocrx_word' id='word_1_367' title='bbox 1096 5680 1124 5724; x_wconf 84' lang='lat' dir='ltr'><strong>ut</strong></span> <span class='ocrx_word' id='word_1_368' title='bbox 1143 5679 1169 5724; x_wconf 83' lang='lat' dir='ltr'><strong>ia</strong></span> <span class='ocrx_word' id='word_1_369' title='bbox 1186 5675 1236 5737; x_wconf 80' lang='lat' dir='ltr'><strong>{iac</strong></span> <span class='ocrx_word' id='word_1_370' title='bbox 1250 5678 1341 5735; x_wconf 79' lang='lat' dir='ltr'><strong>prioris</strong></span> <span class='ocrx_word' id='word_1_371' title='bbox 1358 5677 1385 5725; x_wconf 90' lang='lat' dir='ltr'><strong>ul</strong></span> <span class='ocrx_word' id='word_1_372' title='bbox 1404 5690 1485 5739; x_wconf 89' lang='lat' dir='ltr'><strong>nuuc,</strong></span> <span class='ocrx_word' id='word_1_373' title='bbox 1510 5681 1538 5727; x_wconf 87' lang='lat' dir='ltr'><strong>ia</strong></span> <span class='ocrx_word' id='word_1_374' title='bbox 1555 5681 1634 5740; x_wconf 76' lang='lat' dir='ltr'><strong>sopite</strong></span> <span class='ocrx_word' id='word_1_375' title='bbox 1650 5679 1754 5728; x_wconf 76' lang='lat' dir='ltr'><strong>ultsrtm</strong></span> <span class='ocrx_word' id='word_1_376' title='bbox 1771 5679 1798 5726; x_wconf 87' lang='lat' dir='ltr'><strong>nl</strong></span> 
     </span>
     <span class='ocr_line' id='line_1_51' title="bbox 176 5760 1748 5825; baseline 0.002 -18"><span class='ocrx_word' id='word_1_377' title='bbox 176 5766 237 5808; x_wconf 86' lang='lat' dir='ltr'><strong>tuuc</strong></span> <span class='ocrx_word' id='word_1_378' title='bbox 254 5761 397 5809; x_wconf 76' lang='lat' dir='ltr'><strong>scriberetur</strong></span> <span class='ocrx_word' id='word_1_379' title='bbox 499 5761 548 5811; x_wconf 78' lang='lat'><strong>66²</strong></span> <span class='ocrx_word' id='word_1_380' title='bbox 567 5775 625 5810; x_wconf 88' lang='lat' dir='ltr'><strong>sues</strong></span> <span class='ocrx_word' id='word_1_381' title='bbox 642 5761 730 5825; x_wconf 75' lang='lat' dir='ltr'><strong>Bella,</strong></span> <span class='ocrx_word' id='word_1_382' title='bbox 749 5768 806 5811; x_wconf 88' lang='lat' dir='ltr'><strong>tuos</strong></span> <span class='ocrx_word' id='word_1_383' title='bbox 827 5761 848 5808; x_wconf 89' lang='grc' dir='ltr'><em>Τ</em></span> <span class='ocrx_word' id='word_1_384' title='bbox 950 5766 1045 5810; x_wconf 87' lang='lat' dir='ltr'><strong>crescet</strong></span> <span class='ocrx_word' id='word_1_385' title='bbox 1065 5761 1086 5808; x_wconf 91' lang='grc' dir='ltr'><em>Τ</em></span> <span class='ocrx_word' id='word_1_386' title='bbox 1188 5760 1238 5812; x_wconf 82' lang='grc'><strong>663</strong></span> <span class='ocrx_word' id='word_1_387' title='bbox 1257 5763 1349 5825; x_wconf 76' lang='lat' dir='ltr'><strong>pedum</strong></span> <span class='ocrx_word' id='word_1_388' title='bbox 1370 5763 1390 5810; x_wconf 93' lang='grc' dir='ltr'><em>Τ</em></span> <span class='ocrx_word' id='word_1_389' title='bbox 1490 5762 1540 5813; x_wconf 94' lang='grc'><strong>664</strong></span> <span class='ocrx_word' id='word_1_390' title='bbox 1558 5765 1708 5814; x_wconf 81' lang='lat' dir='ltr'><strong>olrcounelst</strong></span> <span class='ocrx_word' id='word_1_391' title='bbox 1728 5764 1748 5810; x_wconf 92' lang='grc' dir='ltr'><em>Τ</em></span> 
     </span>
    </p>
   </div>
   <div class='ocr_carea' id='block_1_4' title="bbox 0 0 2273 6434">
    <p class='ocr_par' dir='ltr' id='par_1_4' title="bbox 0 0 2273 6434">
     <span class='ocr_line' id='line_1_52' title="bbox 0 0 2273 6434; baseline 0 0"><span class='ocrx_word' id='word_1_392' title='bbox 0 0 2273 6434; x_wconf 95' lang='lat' dir='ltr'><strong> </strong></span> 
     </span>
    </p>
   </div>
  </div>
 </body>
</html>
