4546 6420
423 405 500 470 XIV
1120 399 1351 454 Paoosmvn.

427 647 503 695 seue
526 628 575 693 vir
598 628 727 708 doctus,
753 627 807 711 qui
831 626 960 692 saeculo
982 647 1012 710 p.
1039 625 1116 691 Chr.
1141 646 1173 689 n.
1200 624 1286 688 11⁰0
1310 623 1463 703 desertis,
1496 643 1579 708 quae
1602 623 1715 706 Syriae
1739 629 1771 688 et
1793 622 1932 687 Arabiae
1954 622 2057 687 inter-

424 748 548 830 iacent,
582 754 711 831 gentem
735 748 995 830 Laguantensem
1024 744 1057 809 in
1080 744 1222 811 Africam
1246 743 1464 827 immigrasse,
1498 764 1555 827 per
1576 746 1760 828 Aegyptum
1783 743 1941 808 interrae
1964 743 2053 808 Mar-

424 869 561 934 maricas
591 866 786 952 processisse
817 873 849 932 et
876 873 990 950 gentes
1019 865 1195 948 antiquitus
1225 863 1277 929 his
1307 865 1340 929 in
1366 864 1554 948 regionibus
1584 863 1734 930 sedentes
1764 864 1963 948 oppressisse
1994 864 2057 930 sibi

425 987 682 1074 persuaserit⁵³].
730 987 795 1053 Sed
825 986 1026 1070 migrationis
1055 985 1131 1050 talis
1155 1005 1226 1050 cum
1249 1004 1353 1067 neque
1375 982 1463 1070 apud
1486 984 1660 1069 scriptores
1678 985 1829 1069 temporis
1851 985 1941 1050 illius
1962 985 2056 1050 testi-

424 1109 530 1197 mopia
559 1127 619 1174 nec
648 1107 843 1192 temporibus
873 1107 1102 1191 posterioribus
1131 1105 1271 1188 vestigia
1299 1105 1367 1170 ulla
1397 1105 1617 1187 inveniantur,
1654 1106 1841 1182 audaciam,
1875 1125 1938 1188 qua
1968 1126 2056 1171 som*

424 1229 481 1296 nia
502 1249 559 1314 pro
583 1225 698 1293 studiis
721 1233 870 1306 veneunt,
897 1227 1063 1293 miraberis
1086 1225 1191 1308 magis
1214 1246 1308 1308 quam
1332 1226 1494 1310 probabis.

512 1349 580 1413 lam
603 1368 689 1429 vero,
716 1355 751 1413 ut
772 1348 816 1412 ad
838 1347 1033 1413 lobannidos
1057 1347 1130 1411 libn'
1153 1345 1286 1411 secundi
1309 1345 1474 1411 exordium
1497 1347 1724 1430 explicandum
1747 1347 1927 1426 redeamus,
1958 1367 2055 1412 versu

430 1473 488 1534 13e
512 1468 658 1553 gentium
680 1469 876 1552 Syrticamm
899 1469 1042 1533 recensio
1065 1467 1189 1532 linitur:

788 1598 1000 1662 Marmaridas
1023 1603 1136 1680 gentes
1158 1602 1205 1661 tot
1226 1595 1357 1680 pertulit
1379 1595 1489 1661 Africa
1511 1597 1617 1661 bellis.

428 1728 542 1793 Verbis
576 1725 692 1792 deinde
726 1726 967 1809 insequentibus
1001 1746 1036 1789 se
1065 1725 1162 1789 aliam
1192 1745 1320 1809 prorsus
1349 1733 1502 1790 terrarum
1532 1726 1746 1792 blauricarnm
1775 1727 1808 1790 in
1839 1733 1960 1810 partem
1991 1745 2055 1790 non

427 1848 540 1914 orienti
564 1847 635 1926 soli,
662 1845 721 1912 sed
743 1847 901 1913 occidenti
923 1844 1028 1928 magis
1052 1845 1221 1911 obnoxiam
1244 1846 1404 1911 transilire
1426 1852 1524 1932 potita
1545 1847 1664 1912 diserte
1686 1847 1865 1932 profitetur:

788 1975 861 2058 quis
883 1976 1033 2041 miseram
1058 1995 1228 2060 superesse
1250 1981 1362 2060 putcti
1384 1995 1446 2040 non
1470 1974 1589 2040 suflicit
1610 1975 1714 2058 istud,

788 2101 806 2144 o
831 2079 953 2164 superii
981 2079 1046 2142 iam
1069 2077 1176 2143 audax
1199 2078 1332 2143 alternis
1356 2078 1458 2161 surgit
1479 2079 1521 2144 ab
1544 2078 1608 2144 oris

788 2180 926 2247 adverse
949 2181 988 2247 de
1012 2190 1102 2267 perte
1126 2181 1266 2246 fremens
1289 2181 1354 2245 dux
1377 2181 1434 2246 ille
1458 2181 1581 2263 ruinas,

786 2305 868 2368 quas
889 2285 939 2350 illi
962 2287 1106 2352 Romana
1129 2304 1242 2350 manus
1266 2306 1323 2370 per
1345 2285 1479 2349 vulnera
1501 2284 1613 2350 Martis

788 2395 863 2453 ante
886 2387 987 2453 dedit.

426 2519 528 2598 Quem
551 2520 733 2584 Maurorum
763 2519 909 2602 regulum
940 2516 1087 2582 cladibus
1113 2516 1267 2600 gravibus
1290 2537 1310 2581 a
1332 2516 1499 2601 Byzantiis
1522 2515 1674 2582 efflictum
1699 2517 1751 2583 hic
1772 2483 1930 2604 Corippus
1953 2520 2057 2604 signi-

426 2637 509 2720 ficet,
535 2646 725 2721 quaerentes
747 2639 872 2703 nullum
894 2637 1076 2704 invenimus
1099 2637 1161 2702 nisi
1177 2636 1322 2718 laudam,
1348 2637 1477 2702 Aurasii
1497 2637 1612 2702 montis
1639 2638 1704 2722 (Dj.
1723 2639 1835 2722 Aures]
1863 2640 2050 2726 principem,

426 2779 520 2843 quem
544 2779 573 2823 a.
601 2763 662 2822 535
686 2767 719 2824 et
742 2761 803 2823 539
833 2756 1093 2844 expeditionibus
1123 2757 1249 2822 duabus
1278 2756 1474 2822 felicissimis
1497 2757 1623 2822 Solomo
1649 2767 1822 2842 pacaverat
1831 2761 1883 2844 ⁵⁴).
1930 2762 2056 2827 Tamen

426 2886 530 2945 utrum
554 2880 638 2946 hunc
652 2900 695 2944 an
711 2878 809 2944 alium
825 2879 984 2961 quendem
1001 2885 1096 2963 poeta
1111 2877 1323 2958 denotaverit,
1350 2876 1490 2943 dubitari
1505 2885 1623 2962 posset,
1650 2877 1715 2943 nisi
1729 2880 1894 2945 enuntiato
1912 2882 2055 2966 proximo

787 3007 975 3073 innumerae
998 3013 1111 3090 gentes
1133 3006 1226 3071 illum
1249 3005 1439 3070 comitantur
1462 3013 1609 3088 euntem,

788 3131 871 3193 qnae
895 3108 1023 3174 Gemini
1045 3110 1191 3192 Petram,
1218 3129 1300 3193 quae
1324 3108 1485 3192 Zerquilis
1507 3109 1732 3175 horridarum
1761 3111 1885 3194 (colunt)

428 3241 562 3306 castella
584 3240 648 3306 duo
670 3239 787 3306 montis
804 3238 933 3304 Aurasii
956 3245 1217 3320 memorarentur,
1243 3239 1358 3320 quibus
1380 3238 1415 3302 in
1437 3239 1525 3304 bello
1547 3258 1618 3304 cum
1635 3238 1805 3306 Solomone
1828 3249 1919 3324 gesto
1934 3243 2056 3310 laudas

426 3361 566 3426 maxime
589 3363 726 3427 confisus
749 3362 878 3442 erato).
924 3358 1009 3438 Quin
1032 3358 1147 3423 melius
1170 3358 1267 3424 etiam
1290 3359 1412 3425 laudae
1434 3379 1568 3440 regnum
1590 3379 1685 3426 versu
1714 3365 1770 3422 149
1793 3360 1965 3427 indicatur:

782 3487 976 3553 Aurasitana
999 3507 1113 3552 manus
1135 3486 1233 3552 celsis
1256 3485 1423 3552 descendit
1445 3488 1487 3552 ab
1509 3487 1584 3552 oris.

423 3618 547 3702 Regulo
572 3617 677 3684 eidem
699 3618 846 3702 paruisse
869 3616 1017 3681 dicuntur
1039 3623 1162 3698 gentes,

783 3765 866 3829 quae
888 3744 1030 3810 nefanda
1053 3745 1160 3811 colunt
1181 3744 1281 3811 tristis
1303 3753 1455 3811 montana
1478 3745 1601 3812 Navusi

784 3850 991 3931 desertosque
1014 3848 1118 3926 locos;
1145 3848 1243 3914 nutrit
1264 3869 1343 3932 quos
1366 3849 1495 3915 horrida
1516 3850 1613 3916 tellus

786 3952 925 4035 Arzugis
946 3952 1109 4017 infandae.

423 4079 530 4159 Quare
558 4100 619 4146 nec
647 4086 798 4145 montana
826 4080 885 4145 illa
915 4080 1039 4145 Navusi
1069 4081 1165 4163 longe
1190 4101 1211 4146 a
1238 4087 1344 4146 monte
1367 4082 1503 4147 Aurasio
1534 4081 1655 4149 afuisse
1665 4084 1723 4167 ⁵⁶),
1756 4090 1788 4148 et
1817 4083 2049 4168 Arzugitanam

423 4201 587 4284 regionem
615 4199 727 4283 (Belad
741 4200 772 4265 el
788 4200 927 4285 DJeridl.
953 4221 1035 4284 quae
1052 4201 1190 4286 Byzacio
1212 4200 1378 4267 meridiem
1401 4222 1514 4267 versus
1537 4203 1687 4287 contigua
1701 4203 1777 4270 inde
1793 4224 1813 4269 a
1827 4204 2049 4289 Tripolitanae

422 4321 605 4407 provinciae
634 4319 751 4388 finibus
782 4323 858 4405 ‘per
886 4320 1016 4405 longum
1046 4321 1175 4387 Africae
1205 4322 1352 4387 limitem’
1385 4322 1617 4388 extendebatur
1625 4327 1684 4400 iil,
1718 4343 1820 4407 nsque
1849 4325 1892 4390 ad
1918 4326 2049 4392 Aurasii

422 4441 538 4507 montis
561 4441 687 4506 radices
710 4441 903 4526 pertinuisse
926 4443 1115 4527 putaverim.

509 4738 549 4798 53)
573 4736 603 4787 L.
625 4737 734 4784 Tauxier
752 4737 787 4784 La
806 4737 911 4796 religion
930 4736 974 4784 des
993 4743 1112 4784 taureaux
1132 4736 1215 4784 divine
1234 4749 1266 4784 en
1285 4737 1390 4798 Afrique
1410 4736 1471 4784 Rev.
1491 4739 1544 4785 Alr.
1566 4738 1627 4787 xxi
1646 4736 1710 4786 isit
1730 4751 1755 4799 p.
1779 4737 1922 4788 iss—197.

511 4823 551 4885 54)
573 4824 642 4872 Proc.
663 4823 686 4871 b.
708 4822 789 4872 Vaud.
810 4823 835 4870 ll
856 4821 895 4870 13.
919 4820 958 4870 19.
980 4820 1022 4870 20.

510 4909 551 4972 55)
575 4909 643 4960 Proc.
663 4910 687 4957 b.
709 4908 792 4956 Vaud.
811 4909 836 4957 11
856 4906 886 4957 19
905 4902 1050 4974 Ζερβούλη.
1088 4907 1164 4956 112⁰
1184 4903 1334 4974 septumum]
1353 4905 1440 4975 πέτρα.

511 4995 552 5057 56)
575 4995 611 5042 lile
629 4996 687 5057 qnia
705 4995 875 5056 Tripolitanae
894 4995 1034 5055 provinciae
1054 5000 1165 5042 montem
1183 4996 1226 5054 Dj.
1248 4995 1342 5043 Neiuea
1366 4996 1473 5043 eundem
1497 5009 1552 5044 esse
1576 5002 1651 5058 atque
1676 5003 1785 5046 montem
1804 4997 1931 5046 Narseum
1952 4999 2045 5060 credat,

425 5089 533 5129 montem
552 5080 624 5128 illurn
642 5095 656 5128 ι
674 5081 766 5142 populo
784 5081 893 5128 Maurico
912 5080 1007 5128 Neinsa
1025 5081 1065 5128 vel
1083 5080 1177 5129 Nasusa
1199 5081 1274 5142 (apud
1292 5080 1441 5142 Gorippum:
1463 5081 1558 5144 Naffur)
1580 5095 1669 5130 nomen
1687 5082 1792 5130 duxisse
1809 5084 1960 5132 meminerit.

512 5166 553 5228 57)
575 5165 647 5214 Oros·
666 5167 678 5212 l
697 5165 711 5214 2
733 5166 902 5228 ‘Tripolitana
919 5167 1055 5227 provincia,
1075 5181 1139 5228 quae
1158 5174 1184 5215 et
1202 5167 1364 5214 subventana
1381 5168 1421 5213 vel
1439 5169 1505 5227 regio
1523 5169 1651 5229 Arzugum
1669 5169 1769 5228 dicitur,
1791 5169 1833 5216 ubl
1852 5170 1940 5231 Leptis
1959 5183 2048 5230 magna

424 5254 513 5302 ciritae
532 5257 578 5314 eat,
600 5253 715 5314 quamvis
727 5254 839 5313 Arzuges
857 5265 902 5312 per
920 5252 1021 5313 longum
1034 5253 1132 5300 Airicae
1151 5253 1257 5300 limitem
1276 5253 1427 5312 generaliter
1444 5253 1583 5301 vocentur'.
1618 5255 1737 5302 Aurelius
1756 5257 1832 5316 episc.
1848 5254 1963 5318 carthag.
1981 5257 2049 5318 apud

424 5336 764 5398 Dionys.E1ig.iuSgnod.
780 5337 865 5387 (larih.
879 5352 934 5386 cen.
948 5337 982 5386 49
1004 5339 1044 5386 ‘in
1058 5339 1151 5401 Tripoli
1170 5345 1196 5387 ei
1208 5341 1234 5386 io
1247 5341 1347 5399 Arznge
1366 5340 1514 5388 interiacere
1533 5340 1650 5388 videntur
1667 5342 1784 5390 barbarae
1802 5338 1911 5401 gentea'.
1943 5357 1998 5391 can.
2014 5342 2047 5391 52

425 5424 590 5487 ‘Tripolitani
608 5429 634 5473 ct
652 5425 799 5484 arzugitani
817 5425 928 5474 rraues‘.
960 5425 1026 5498 epqd
1044 5425 1201 5474 Harduinum
1221 5425 1295 5486 (Acte
1308 5425 1403 5475 Concil.
1419 5426 1468 5488 lp.
1486 5423 1560 5487 1232>
1580 5433 1651 5474 extat
1669 5427 1786 5489 Epistula
1803 5428 1901 5476 Aurelii
1919 5426 2049 5490 Carthagi-

424 5512 521 5559 niensis
539 5511 651 5573 episcopi
669 5511 699 5559 ad
718 5524 804 5559 omues
817 5512 945 5572 episcopos
958 5525 1003 5572 per
1015 5510 1168 5569 byzacenam
1181 5517 1206 5559 et
1218 5513 1398 5572 arzugitanam
1410 5513 1563 5576 provinciam
1576 5513 1733 5560 constitutos.
1766 5515 1903 5573 Augustini
1916 5514 1998 5575 upnt.
2014 5513 2047 5563 to

427 5597 548 5660 (epistula
559 5596 723 5658 Publicolae).
757 5599 798 5645 ‘in
812 5598 962 5658 Arzugibna,
982 5602 1011 5646 ut
1029 5596 1124 5656 audivi,
1144 5598 1270 5648 decurioni
1289 5599 1333 5661 qni
1349 5600 1426 5647 limiti
1444 5606 1543 5660 praeeat
1561 5598 1600 5646 vel
1618 5600 1719 5648 tribuno
1738 5600 1820 5648 solent
1835 5601 1920 5650 iuvare
1938 5601 2046 5662 barbari,

422 5683 535 5731 iurantes
553 5697 597 5744 per
616 5683 748 5732 daemones
766 5682 844 5733 suos'.
