<?xml version="1.0" encoding="UTF-8"?>
<!DOCTYPE html PUBLIC "-//W3C//DTD XHTML 1.0 Transitional//EN"
    "http://www.w3.org/TR/xhtml1/DTD/xhtml1-transitional.dtd">
<html xmlns="http://www.w3.org/1999/xhtml" xml:lang="en" lang="en">
 <head>
  <title>
</title>
<meta http-equiv="Content-Type" content="text/html;charset=utf-8" />
  <meta name='ocr-system' content='tesseract 3.04.00' />
  <meta name='ocr-capabilities' content='ocr_page ocr_carea ocr_par ocr_line ocrx_word'/>
</head>
<body>
  <div class='ocr_page' id='page_1' title='image "./monumentagerman08mittgoog_0130.png"; bbox 0 0 4546 6420; ppageno 0'>
   <div class='ocr_carea' id='block_1_1' title="bbox 908 381 1841 462">
    <p class='ocr_par' dir='ltr' id='par_1_1' title="bbox 908 381 1841 462">
     <span class='ocr_line' id='line_1_1' title="bbox 908 381 1841 462; baseline 0.011 -10"><span class='ocrx_word' id='word_1_1' title='bbox 908 397 1138 454; x_wconf 80' lang='lat' dir='ltr'><strong>esoouurvu.</strong></span> <span class='ocrx_word' id='word_1_2' title='bbox 1697 381 1698 384; x_wconf 57' lang='lat'>‘</span> <span class='ocrx_word' id='word_1_3' title='bbox 1726 397 1841 462; x_wconf 80' lang='lat' dir='ltr'><strong>xxiii</strong></span> 
     </span>
    </p>
   </div>
   <div class='ocr_carea' id='block_1_2' title="bbox 205 619 1843 827">
    <p class='ocr_par' dir='ltr' id='par_1_2' title="bbox 205 619 1843 827">
     <span class='ocr_line' id='line_1_2' title="bbox 206 619 1843 707; baseline 0 -19"><span class='ocrx_word' id='word_1_4' title='bbox 206 630 347 704; x_wconf 90' lang='lat' dir='ltr'><strong>ceretur,</strong></span> <span class='ocrx_word' id='word_1_5' title='bbox 383 622 691 707; x_wconf 75' lang='lat' dir='ltr'><strong>impetraverat¹¹⁰i,</strong></span> <span class='ocrx_word' id='word_1_6' title='bbox 728 620 954 688; x_wconf 89' lang='lat' dir='ltr'><strong>coniurationis</strong></span> <span class='ocrx_word' id='word_1_7' title='bbox 985 621 1206 686; x_wconf 82' lang='lat' dir='ltr'>Armeniorum</span> <span class='ocrx_word' id='word_1_8' title='bbox 1237 640 1277 686; x_wconf 95' lang='lat' dir='ltr'><strong>ne</strong></span> <span class='ocrx_word' id='word_1_9' title='bbox 1311 621 1473 706; x_wconf 80' lang='lat' dir='ltr'><strong>particeps</strong></span> <span class='ocrx_word' id='word_1_10' title='bbox 1506 619 1636 706; x_wconf 87' lang='lat' dir='ltr'><strong>quidem</strong></span> <span class='ocrx_word' id='word_1_11' title='bbox 1669 620 1746 704; x_wconf 90' lang='lat' dir='ltr'><strong>fuit,</strong></span> <span class='ocrx_word' id='word_1_12' title='bbox 1784 619 1843 688; x_wconf 89' lang='lat' dir='ltr'><strong>sed</strong></span> 
     </span>
     <span class='ocr_line' id='line_1_3' title="bbox 205 740 1843 827; baseline -0.001 -19"><span class='ocrx_word' id='word_1_13' title='bbox 205 750 342 827; x_wconf 80' lang='lat' dir='ltr'><strong>tyranno</strong></span> <span class='ocrx_word' id='word_1_14' title='bbox 376 740 505 807; x_wconf 90' lang='lat' dir='ltr'><strong>demum</strong></span> <span class='ocrx_word' id='word_1_15' title='bbox 538 740 705 808; x_wconf 88' lang='lat' dir='ltr'><strong>interfecto</strong></span> <span class='ocrx_word' id='word_1_16' title='bbox 736 741 772 807; x_wconf 89' lang='lat' dir='ltr'><strong>in</strong></span> <span class='ocrx_word' id='word_1_17' title='bbox 805 742 929 807; x_wconf 89' lang='lat' dir='ltr'><strong>aerario</strong></span> <span class='ocrx_word' id='word_1_18' title='bbox 963 741 1080 806; x_wconf 92' lang='lat' dir='ltr'><strong>tuendo</strong></span> <span class='ocrx_word' id='word_1_19' title='bbox 1115 741 1314 812; x_wconf 83' lang='lat' dir='ltr'><strong>Artabanum</strong></span> <span class='ocrx_word' id='word_1_20' title='bbox 1347 740 1471 807; x_wconf 88' lang='lat' dir='ltr'><strong>adiuvit</strong></span> <span class='ocrx_word' id='word_1_21' title='bbox 1485 743 1548 825; x_wconf 83' lang='lat'><strong>¹¹¹).</strong></span> <span class='ocrx_word' id='word_1_22' title='bbox 1608 742 1698 820; x_wconf 86' lang='lat' dir='ltr'><strong>Quae</strong></span> <span class='ocrx_word' id='word_1_23' title='bbox 1731 761 1843 808; x_wconf 89' lang='lat' dir='ltr'><strong>narra-</strong></span> 
     </span>
    </p>
   </div>
   <div class='ocr_carea' id='block_1_3' title="bbox 92 860 1843 947">
    <p class='ocr_par' dir='ltr' id='par_1_3' title="bbox 92 860 1843 947">
     <span class='ocr_line' id='line_1_4' title="bbox 92 860 1843 947; baseline -0.001 -19"><span class='ocrx_word' id='word_1_24' title='bbox 92 877 97 886; x_wconf 89' lang='lat'>·</span> <span class='ocrx_word' id='word_1_25' title='bbox 205 863 250 930; x_wconf 90' lang='lat' dir='ltr'><strong>tio</strong></span> <span class='ocrx_word' id='word_1_26' title='bbox 279 863 359 927; x_wconf 91' lang='lat' dir='ltr'><strong>mibi</strong></span> <span class='ocrx_word' id='word_1_27' title='bbox 388 863 487 929; x_wconf 88' lang='lat' dir='ltr'><strong>multo</strong></span> <span class='ocrx_word' id='word_1_28' title='bbox 516 863 623 946; x_wconf 85' lang='lat' dir='ltr'><strong>magis</strong></span> <span class='ocrx_word' id='word_1_29' title='bbox 652 861 783 930; x_wconf 81' lang='lat' dir='ltr'><strong>arridet.</strong></span> <span class='ocrx_word' id='word_1_30' title='bbox 830 862 905 929; x_wconf 90' lang='lat' dir='ltr'><strong>Veri</strong></span> <span class='ocrx_word' id='word_1_31' title='bbox 935 862 1019 928; x_wconf 90' lang='lat' dir='ltr'><strong>enim</strong></span> <span class='ocrx_word' id='word_1_32' title='bbox 1049 860 1224 926; x_wconf 86' lang='lat' dir='ltr'><strong>admodum</strong></span> <span class='ocrx_word' id='word_1_33' title='bbox 1256 860 1360 928; x_wconf 89' lang='lat' dir='ltr'><strong>simile</strong></span> <span class='ocrx_word' id='word_1_34' title='bbox 1389 861 1518 928; x_wconf 88' lang='lat' dir='ltr'><strong>videtur</strong></span> <span class='ocrx_word' id='word_1_35' title='bbox 1545 861 1717 947; x_wconf 77' lang='lat' dir='ltr'><strong>corippum</strong></span> <span class='ocrx_word' id='word_1_36' title='bbox 1740 861 1843 927; x_wconf 90' lang='lat' dir='ltr'><strong>Atha-</strong></span> 
     </span>
    </p>
   </div>
   <div class='ocr_carea' id='block_1_4' title="bbox 207 981 1842 1169">
    <p class='ocr_par' dir='ltr' id='par_1_4' title="bbox 207 981 1842 1169">
     <span class='ocr_line' id='line_1_5' title="bbox 207 981 1842 1068; baseline 0.001 -22"><span class='ocrx_word' id='word_1_37' title='bbox 207 983 314 1064; x_wconf 81' lang='lat' dir='ltr'><strong>nasio,</strong></span> <span class='ocrx_word' id='word_1_38' title='bbox 347 982 402 1066; x_wconf 89' lang='lat' dir='ltr'><strong>qui</strong></span> <span class='ocrx_word' id='word_1_39' title='bbox 426 981 619 1048; x_wconf 87' lang='lat' dir='ltr'><strong>Guntaritho</strong></span> <span class='ocrx_word' id='word_1_40' title='bbox 642 981 747 1048; x_wconf 91' lang='lat' dir='ltr'><strong>occiso</strong></span> <span class='ocrx_word' id='word_1_41' title='bbox 769 982 898 1049; x_wconf 90' lang='lat' dir='ltr'><strong>Africae</strong></span> <span class='ocrx_word' id='word_1_42' title='bbox 921 981 1157 1068; x_wconf 81' lang='lat' dir='ltr'><strong>praefecturam</strong></span> <span class='ocrx_word' id='word_1_43' title='bbox 1181 984 1427 1066; x_wconf 72' lang='lat' dir='ltr'><strong>receperat¹¹²i,</strong></span> <span class='ocrx_word' id='word_1_44' title='bbox 1461 982 1576 1048; x_wconf 87' lang='lat' dir='ltr'><strong>laudes</strong></span> <span class='ocrx_word' id='word_1_45' title='bbox 1598 981 1683 1046; x_wconf 91' lang='lat' dir='ltr'><strong>iusto</strong></span> <span class='ocrx_word' id='word_1_46' title='bbox 1705 982 1842 1048; x_wconf 87' lang='lat' dir='ltr'><strong>maiores</strong></span> 
     </span>
     <span class='ocr_line' id='line_1_6' title="bbox 207 1103 370 1169; baseline -0.006 -3"><span class='ocrx_word' id='word_1_47' title='bbox 207 1103 370 1169; x_wconf 91' lang='lat' dir='ltr'><strong>tribuisse.</strong></span> 
     </span>
    </p>
   </div>
   <div class='ocr_carea' id='block_1_5' title="bbox 206 1279 1845 2816">
    <p class='ocr_par' dir='ltr' id='par_1_5' title="bbox 206 1279 1845 2816">
     <span class='ocr_line' id='line_1_7' title="bbox 295 1279 1843 1375; baseline 0.001 -21"><span class='ocrx_word' id='word_1_48' title='bbox 295 1290 363 1355; x_wconf 90' lang='lat' dir='ltr'><strong>lam</strong></span> <span class='ocrx_word' id='word_1_49' title='bbox 394 1290 457 1355; x_wconf 92' lang='lat' dir='ltr'><strong>alio</strong></span> <span class='ocrx_word' id='word_1_50' title='bbox 487 1290 528 1356; x_wconf 93' lang='lat' dir='ltr'><strong>de</strong></span> <span class='ocrx_word' id='word_1_51' title='bbox 549 1279 747 1356; x_wconf 90' lang='lat' dir='ltr'><strong>lobannidos</strong></span> <span class='ocrx_word' id='word_1_52' title='bbox 770 1292 840 1356; x_wconf 93' lang='lat' dir='ltr'><strong>loco</strong></span> <span class='ocrx_word' id='word_1_53' title='bbox 862 1290 1017 1355; x_wconf 92' lang='lat' dir='ltr'><strong>iudicium</strong></span> <span class='ocrx_word' id='word_1_54' title='bbox 1040 1290 1227 1371; x_wconf 89' lang='lat' dir='ltr'><strong>ferendum,</strong></span> <span class='ocrx_word' id='word_1_55' title='bbox 1260 1310 1322 1374; x_wconf 90' lang='lat' dir='ltr'><strong>quo</strong></span> <span class='ocrx_word' id='word_1_56' title='bbox 1345 1291 1498 1367; x_wconf 89' lang='lat' dir='ltr'><strong>Antalas,</strong></span> <span class='ocrx_word' id='word_1_57' title='bbox 1531 1291 1714 1355; x_wconf 86' lang='lat' dir='ltr'><strong>Maurorum</strong></span> <span class='ocrx_word' id='word_1_58' title='bbox 1737 1291 1843 1375; x_wconf 89' lang='lat' dir='ltr'><strong>Byza-</strong></span> 
     </span>
     <span class='ocr_line' id='line_1_8' title="bbox 209 1409 1843 1496; baseline -0.001 -20"><span class='ocrx_word' id='word_1_59' title='bbox 209 1430 358 1476; x_wconf 89' lang='lat' dir='ltr'><strong>oenorum</strong></span> <span class='ocrx_word' id='word_1_60' title='bbox 381 1411 531 1494; x_wconf 91' lang='lat' dir='ltr'><strong>regulus,</strong></span> <span class='ocrx_word' id='word_1_61' title='bbox 563 1410 627 1476; x_wconf 90' lang='lat' dir='ltr'><strong>nisi</strong></span> <span class='ocrx_word' id='word_1_62' title='bbox 657 1430 716 1475; x_wconf 89' lang='lat' dir='ltr'><strong>sua</strong></span> <span class='ocrx_word' id='word_1_63' title='bbox 739 1430 799 1496; x_wconf 89' lang='lat' dir='ltr'><strong>ope</strong></span> <span class='ocrx_word' id='word_1_64' title='bbox 822 1410 967 1476; x_wconf 91' lang='lat' dir='ltr'><strong>adiutum</strong></span> <span class='ocrx_word' id='word_1_65' title='bbox 990 1410 1188 1476; x_wconf 87' lang='lat' dir='ltr'><strong>Artabanum</strong></span> <span class='ocrx_word' id='word_1_66' title='bbox 1212 1409 1396 1476; x_wconf 87' lang='lat' dir='ltr'><strong>Guntarithi</strong></span> <span class='ocrx_word' id='word_1_67' title='bbox 1419 1410 1551 1476; x_wconf 90' lang='lat' dir='ltr'><strong>caedem</strong></span> <span class='ocrx_word' id='word_1_68' title='bbox 1574 1417 1758 1495; x_wconf 89' lang='lat' dir='ltr'><strong>perpetrare</strong></span> <span class='ocrx_word' id='word_1_69' title='bbox 1780 1431 1843 1476; x_wconf 92' lang='lat' dir='ltr'><strong>uon</strong></span> 
     </span>
     <span class='ocr_line' id='line_1_9' title="bbox 207 1529 1845 1616; baseline -0.001 -20"><span class='ocrx_word' id='word_1_70' title='bbox 207 1532 351 1616; x_wconf 89' lang='lat' dir='ltr'><strong>potuisse</strong></span> <span class='ocrx_word' id='word_1_71' title='bbox 373 1529 603 1614; x_wconf 61' lang='lat' dir='ltr'><strong>gloriatur¹¹³t</strong></span> <span class='ocrx_word' id='word_1_72' title='bbox 644 1530 807 1608; x_wconf 83' lang='lat' dir='ltr'><strong>Anteiam,</strong></span> <span class='ocrx_word' id='word_1_73' title='bbox 834 1531 889 1614; x_wconf 91' lang='lat' dir='ltr'><strong>qni</strong></span> <span class='ocrx_word' id='word_1_74' title='bbox 911 1530 1048 1615; x_wconf 88' lang='lat' dir='ltr'><strong>primum</strong></span> <span class='ocrx_word' id='word_1_75' title='bbox 1072 1530 1264 1596; x_wconf 86' lang='lat' dir='ltr'><strong>Guntaritho</strong></span> <span class='ocrx_word' id='word_1_76' title='bbox 1287 1530 1420 1610; x_wconf 86' lang='lat' dir='ltr'><strong>faverat,</strong></span> <span class='ocrx_word' id='word_1_77' title='bbox 1447 1529 1562 1596; x_wconf 84' lang='lat' dir='ltr'><strong>auxilii</strong></span> <span class='ocrx_word' id='word_1_78' title='bbox 1584 1530 1733 1596; x_wconf 89' lang='lat' dir='ltr'><strong>mercede</strong></span> <span class='ocrx_word' id='word_1_79' title='bbox 1755 1530 1845 1595; x_wconf 90' lang='lat' dir='ltr'><strong>frau-</strong></span> 
     </span>
     <span class='ocr_line' id='line_1_10' title="bbox 209 1649 1845 1735; baseline 0.001 -20"><span class='ocrx_word' id='word_1_80' title='bbox 209 1650 319 1717; x_wconf 91' lang='lat' dir='ltr'><strong>datum</strong></span> <span class='ocrx_word' id='word_1_81' title='bbox 336 1649 453 1716; x_wconf 88' lang='lat' dir='ltr'><strong>exinde</strong></span> <span class='ocrx_word' id='word_1_82' title='bbox 468 1649 623 1716; x_wconf 88' lang='lat' dir='ltr'><strong>infestum</strong></span> <span class='ocrx_word' id='word_1_83' title='bbox 645 1658 781 1734; x_wconf 90' lang='lat' dir='ltr'><strong>tyranno</strong></span> <span class='ocrx_word' id='word_1_84' title='bbox 803 1649 904 1715; x_wconf 91' lang='lat' dir='ltr'><strong>fuisse</strong></span> <span class='ocrx_word' id='word_1_85' title='bbox 927 1658 992 1716; x_wconf 90' lang='lat' dir='ltr'><strong>tam</strong></span> <span class='ocrx_word' id='word_1_86' title='bbox 1016 1657 1102 1715; x_wconf 90' lang='lat' dir='ltr'><strong>certo</strong></span> <span class='ocrx_word' id='word_1_87' title='bbox 1125 1650 1308 1716; x_wconf 89' lang='lat' dir='ltr'><strong>testimonio</strong></span> <span class='ocrx_word' id='word_1_88' title='bbox 1332 1657 1527 1735; x_wconf 89' lang='lat' dir='ltr'><strong>compertum</strong></span> <span class='ocrx_word' id='word_1_89' title='bbox 1550 1651 1783 1734; x_wconf 83' lang='lat' dir='ltr'><strong>habemus¹¹⁴),</strong></span> <span class='ocrx_word' id='word_1_90' title='bbox 1809 1659 1845 1717; x_wconf 93' lang='lat' dir='ltr'><strong>ut</strong></span> 
     </span>
     <span class='ocr_line' id='line_1_11' title="bbox 210 1770 1845 1860; baseline 0.001 -24"><span class='ocrx_word' id='word_1_91' title='bbox 210 1793 282 1836; x_wconf 89' lang='lat' dir='ltr'><strong>curn</strong></span> <span class='ocrx_word' id='word_1_92' title='bbox 305 1772 425 1836; x_wconf 89' lang='lat' dir='ltr'><strong>Antala</strong></span> <span class='ocrx_word' id='word_1_93' title='bbox 454 1770 495 1836; x_wconf 93' lang='lat' dir='ltr'><strong>de</strong></span> <span class='ocrx_word' id='word_1_94' title='bbox 525 1777 661 1855; x_wconf 88' lang='lat' dir='ltr'><strong>tyranno</strong></span> <span class='ocrx_word' id='word_1_95' title='bbox 691 1791 709 1836; x_wconf 90' lang='lat' dir='ltr'><strong>e</strong></span> <span class='ocrx_word' id='word_1_96' title='bbox 736 1770 842 1836; x_wconf 93' lang='lat' dir='ltr'><strong>medio</strong></span> <span class='ocrx_word' id='word_1_97' title='bbox 864 1770 1006 1836; x_wconf 91' lang='lat' dir='ltr'><strong>tollendo</strong></span> <span class='ocrx_word' id='word_1_98' title='bbox 1029 1771 1112 1838; x_wconf 90' lang='lat' dir='ltr'><strong>clam</strong></span> <span class='ocrx_word' id='word_1_99' title='bbox 1135 1771 1341 1860; x_wconf 19' lang='lat' dir='ltr'><strong>Artabanum·</strong></span> <span class='ocrx_word' id='word_1_100' title='bbox 1356 1770 1464 1855; x_wconf 90' lang='lat' dir='ltr'><strong>egisse</strong></span> <span class='ocrx_word' id='word_1_101' title='bbox 1486 1791 1549 1836; x_wconf 92' lang='lat' dir='ltr'><strong>non</strong></span> <span class='ocrx_word' id='word_1_102' title='bbox 1572 1771 1615 1836; x_wconf 90' lang='lat' dir='ltr'><strong>sit</strong></span> <span class='ocrx_word' id='word_1_103' title='bbox 1636 1772 1721 1855; x_wconf 92' lang='lat' dir='ltr'><strong>quod</strong></span> <span class='ocrx_word' id='word_1_104' title='bbox 1743 1793 1845 1856; x_wconf 89' lang='lat' dir='ltr'><strong>nege-</strong></span> 
     </span>
     <span class='ocr_line' id='line_1_12' title="bbox 209 1890 1840 1976; baseline 0.001 -20"><span class='ocrx_word' id='word_1_105' title='bbox 209 1911 291 1956; x_wconf 90' lang='lat' dir='ltr'><strong>mus.</strong></span> <span class='ocrx_word' id='word_1_106' title='bbox 333 1891 412 1956; x_wconf 83' lang='lat' dir='ltr'><strong>Cum</strong></span> <span class='ocrx_word' id='word_1_107' title='bbox 436 1899 544 1956; x_wconf 91' lang='lat' dir='ltr'><strong>autem</strong></span> <span class='ocrx_word' id='word_1_108' title='bbox 568 1890 685 1957; x_wconf 89' lang='lat' dir='ltr'><strong>caedes</strong></span> <span class='ocrx_word' id='word_1_109' title='bbox 707 1891 779 1975; x_wconf 90' lang='lat' dir='ltr'><strong>ipsa</strong></span> <span class='ocrx_word' id='word_1_110' title='bbox 801 1890 889 1956; x_wconf 91' lang='lat' dir='ltr'><strong>haud</strong></span> <span class='ocrx_word' id='word_1_111' title='bbox 908 1890 1004 1957; x_wconf 91' lang='lat' dir='ltr'><strong>dubie</strong></span> <span class='ocrx_word' id='word_1_112' title='bbox 1019 1891 1182 1956; x_wconf 90' lang='lat' dir='ltr'><strong>Artabano</strong></span> <span class='ocrx_word' id='word_1_113' title='bbox 1197 1890 1421 1974; x_wconf 82' lang='lat' dir='ltr'><strong>Armeniisque</strong></span> <span class='ocrx_word' id='word_1_114' title='bbox 1438 1890 1516 1956; x_wconf 90' lang='lat' dir='ltr'><strong>solis</strong></span> <span class='ocrx_word' id='word_1_115' title='bbox 1530 1890 1729 1976; x_wconf 86' lang='lat' dir='ltr'><strong>perficienda</strong></span> <span class='ocrx_word' id='word_1_116' title='bbox 1743 1901 1840 1970; x_wconf 90' lang='lat' dir='ltr'><strong>esset,</strong></span> 
     </span>
     <span class='ocr_line' id='line_1_13' title="bbox 209 2010 1844 2097; baseline 0.001 -21"><span class='ocrx_word' id='word_1_117' title='bbox 209 2031 249 2076; x_wconf 91' lang='lat' dir='ltr'><strong>ea</strong></span> <span class='ocrx_word' id='word_1_118' title='bbox 270 2019 394 2077; x_wconf 89' lang='lat' dir='ltr'><strong>tantum</strong></span> <span class='ocrx_word' id='word_1_119' title='bbox 418 2011 458 2076; x_wconf 91' lang='lat' dir='ltr'><strong>de</strong></span> <span class='ocrx_word' id='word_1_120' title='bbox 482 2031 581 2076; x_wconf 90' lang='lat' dir='ltr'><strong>causa</strong></span> <span class='ocrx_word' id='word_1_121' title='bbox 595 2012 734 2077; x_wconf 89' lang='lat' dir='ltr'><strong>Antaiae</strong></span> <span class='ocrx_word' id='word_1_122' title='bbox 757 2011 931 2076; x_wconf 89' lang='lat' dir='ltr'><strong>amicitiam</strong></span> <span class='ocrx_word' id='word_1_123' title='bbox 947 2011 1130 2076; x_wconf 89' lang='lat' dir='ltr'><strong>Artabanus</strong></span> <span class='ocrx_word' id='word_1_124' title='bbox 1152 2010 1307 2076; x_wconf 83' lang='lat' dir='ltr'><strong>ambiisse</strong></span> <span class='ocrx_word' id='word_1_125' title='bbox 1329 2011 1468 2093; x_wconf 90' lang='lat' dir='ltr'><strong>videtur,</strong></span> <span class='ocrx_word' id='word_1_126' title='bbox 1493 2012 1581 2097; x_wconf 88' lang='lat' dir='ltr'><strong>quod</strong></span> <span class='ocrx_word' id='word_1_127' title='bbox 1603 2012 1698 2078; x_wconf 88' lang='lat' dir='ltr'><strong>rebus</strong></span> <span class='ocrx_word' id='word_1_128' title='bbox 1713 2012 1844 2078; x_wconf 88' lang='lat' dir='ltr'><strong>Africae</strong></span> 
     </span>
     <span class='ocr_line' id='line_1_14' title="bbox 208 2131 1844 2216; baseline -0.001 -18"><span class='ocrx_word' id='word_1_129' title='bbox 208 2139 351 2198; x_wconf 76' lang='lat' dir='ltr'><strong>eumenio</strong></span> <span class='ocrx_word' id='word_1_130' title='bbox 372 2131 406 2196; x_wconf 92' lang='lat' dir='ltr'><strong>in</strong></span> <span class='ocrx_word' id='word_1_131' title='bbox 428 2131 572 2216; x_wconf 89' lang='lat' dir='ltr'><strong>periculo</strong></span> <span class='ocrx_word' id='word_1_132' title='bbox 594 2131 811 2196; x_wconf 87' lang='lat' dir='ltr'><strong>versantibus</strong></span> <span class='ocrx_word' id='word_1_133' title='bbox 829 2131 1006 2196; x_wconf 89' lang='lat' dir='ltr'><strong>cavendum</strong></span> <span class='ocrx_word' id='word_1_134' title='bbox 1037 2151 1110 2196; x_wconf 89' lang='lat' dir='ltr'><strong>esse</strong></span> <span class='ocrx_word' id='word_1_135' title='bbox 1139 2131 1368 2215; x_wconf 74' lang='lat' dir='ltr'><strong>intellegebat,</strong></span> <span class='ocrx_word' id='word_1_136' title='bbox 1401 2152 1442 2197; x_wconf 91' lang='lat' dir='ltr'><strong>ne</strong></span> <span class='ocrx_word' id='word_1_137' title='bbox 1465 2132 1545 2198; x_wconf 89' lang='lat' dir='ltr'><strong>forte</strong></span> <span class='ocrx_word' id='word_1_138' title='bbox 1567 2133 1750 2198; x_wconf 90' lang='lat' dir='ltr'><strong>Maurorum</strong></span> <span class='ocrx_word' id='word_1_139' title='bbox 1774 2153 1844 2198; x_wconf 91' lang='lat' dir='ltr'><strong>om-</strong></span> 
     </span>
     <span class='ocr_line' id='line_1_15' title="bbox 207 2250 1844 2336; baseline 0.001 -18"><span class='ocrx_word' id='word_1_140' title='bbox 207 2253 296 2318; x_wconf 92' lang='lat' dir='ltr'><strong>nium</strong></span> <span class='ocrx_word' id='word_1_141' title='bbox 327 2251 424 2317; x_wconf 89' lang='lat' dir='ltr'><strong>simul</strong></span> <span class='ocrx_word' id='word_1_142' title='bbox 452 2251 502 2316; x_wconf 84' lang='lat' dir='ltr'><strong>vis</strong></span> <span class='ocrx_word' id='word_1_143' title='bbox 531 2251 564 2316; x_wconf 90' lang='lat' dir='ltr'><strong>in</strong></span> <span class='ocrx_word' id='word_1_144' title='bbox 587 2252 748 2317; x_wconf 88' lang='lat' dir='ltr'><strong>Romanos</strong></span> <span class='ocrx_word' id='word_1_145' title='bbox 779 2250 941 2317; x_wconf 81' lang='lat' dir='ltr'><strong>discordia</strong></span> <span class='ocrx_word' id='word_1_146' title='bbox 962 2250 1115 2333; x_wconf 86' lang='lat' dir='ltr'><strong>intestina</strong></span> <span class='ocrx_word' id='word_1_147' title='bbox 1138 2251 1321 2318; x_wconf 89' lang='lat' dir='ltr'><strong>laborantes</strong></span> <span class='ocrx_word' id='word_1_148' title='bbox 1342 2251 1517 2336; x_wconf 89' lang='lat' dir='ltr'><strong>ingrueret.</strong></span> <span class='ocrx_word' id='word_1_149' title='bbox 1565 2252 1607 2317; x_wconf 91' lang='lat' dir='ltr'><strong>Vt</strong></span> <span class='ocrx_word' id='word_1_150' title='bbox 1627 2253 1727 2336; x_wconf 89' lang='lat' dir='ltr'><strong>igitur</strong></span> <span class='ocrx_word' id='word_1_151' title='bbox 1748 2261 1844 2319; x_wconf 89' lang='lat' dir='ltr'><strong>antea</strong></span> 
     </span>
     <span class='ocr_line' id='line_1_16' title="bbox 208 2369 1840 2456; baseline 0.001 -19"><span class='ocrx_word' id='word_1_152' title='bbox 208 2371 420 2438; x_wconf 85' lang='lat' dir='ltr'><strong>Guntarithus</strong></span> <span class='ocrx_word' id='word_1_153' title='bbox 442 2371 581 2437; x_wconf 89' lang='lat' dir='ltr'><strong>Antalae</strong></span> <span class='ocrx_word' id='word_1_154' title='bbox 610 2375 709 2436; x_wconf 91' lang='lat' dir='ltr'><strong>totam</strong></span> <span class='ocrx_word' id='word_1_155' title='bbox 740 2391 775 2437; x_wconf 88' lang='lat' dir='ltr'><strong>sc</strong></span> <span class='ocrx_word' id='word_1_156' title='bbox 805 2369 1003 2456; x_wconf 88' lang='lat' dir='ltr'><strong>provinciam</strong></span> <span class='ocrx_word' id='word_1_157' title='bbox 1025 2369 1227 2456; x_wconf 89' lang='lat' dir='ltr'><strong>Byzaoenam</strong></span> <span class='ocrx_word' id='word_1_158' title='bbox 1259 2389 1483 2437; x_wconf 79' lang='lat' dir='ltr'><strong>consessuram</strong></span> <span class='ocrx_word' id='word_1_159' title='bbox 1513 2371 1674 2456; x_wconf 90' lang='lat' dir='ltr'><strong>pollicitus</strong></span> <span class='ocrx_word' id='word_1_160' title='bbox 1697 2377 1840 2456; x_wconf 59' lang='lat' dir='ltr'><strong>maini),</strong></span> 
     </span>
     <span class='ocr_line' id='line_1_17' title="bbox 207 2491 1843 2576; baseline 0.002 -20"><span class='ocrx_word' id='word_1_161' title='bbox 207 2493 254 2556; x_wconf 90' lang='lat' dir='ltr'><strong>ita</strong></span> <span class='ocrx_word' id='word_1_162' title='bbox 281 2499 357 2558; x_wconf 92' lang='lat' dir='ltr'><strong>tunc</strong></span> <span class='ocrx_word' id='word_1_163' title='bbox 386 2491 542 2576; x_wconf 92' lang='lat' dir='ltr'><strong>promisso</strong></span> <span class='ocrx_word' id='word_1_164' title='bbox 572 2491 670 2556; x_wconf 88' lang='lat' dir='ltr'><strong>simili</strong></span> <span class='ocrx_word' id='word_1_165' title='bbox 692 2491 876 2556; x_wconf 89' lang='lat' dir='ltr'><strong>Artabanus</strong></span> <span class='ocrx_word' id='word_1_166' title='bbox 898 2491 1081 2556; x_wconf 87' lang='lat' dir='ltr'><strong>Maurorum</strong></span> <span class='ocrx_word' id='word_1_167' title='bbox 1111 2491 1289 2576; x_wconf 89' lang='lat' dir='ltr'><strong>principem</strong></span> <span class='ocrx_word' id='word_1_168' title='bbox 1312 2492 1374 2558; x_wconf 91' lang='lat' dir='ltr'><strong>sibi</strong></span> <span class='ocrx_word' id='word_1_169' title='bbox 1398 2491 1587 2558; x_wconf 85' lang='lat' dir='ltr'><strong>conciliasse</strong></span> <span class='ocrx_word' id='word_1_170' title='bbox 1610 2493 1748 2560; x_wconf 89' lang='lat' dir='ltr'><strong>videtur.</strong></span> <span class='ocrx_word' id='word_1_171' title='bbox 1796 2494 1843 2560; x_wconf 89' lang='lat' dir='ltr'><strong>Re</strong></span> 
     </span>
     <span class='ocr_line' id='line_1_18' title="bbox 207 2610 1844 2697; baseline 0.001 -21"><span class='ocrx_word' id='word_1_172' title='bbox 207 2611 346 2678; x_wconf 83' lang='lat' dir='ltr'><strong>feliciter</strong></span> <span class='ocrx_word' id='word_1_173' title='bbox 367 2619 500 2697; x_wconf 87' lang='lat' dir='ltr'><strong>peracta</strong></span> <span class='ocrx_word' id='word_1_174' title='bbox 522 2612 720 2678; x_wconf 84' lang='lat' dir='ltr'><strong>Artabanum</strong></span> <span class='ocrx_word' id='word_1_175' title='bbox 743 2610 909 2696; x_wconf 89' lang='lat' dir='ltr'><strong>promissis</strong></span> <span class='ocrx_word' id='word_1_176' title='bbox 931 2631 994 2675; x_wconf 92' lang='lat' dir='ltr'><strong>non</strong></span> <span class='ocrx_word' id='word_1_177' title='bbox 1018 2610 1165 2692; x_wconf 88' lang='lat' dir='ltr'><strong>stetisse,</strong></span> <span class='ocrx_word' id='word_1_178' title='bbox 1198 2611 1413 2695; x_wconf 89' lang='lat' dir='ltr'><strong>Antalamque</strong></span> <span class='ocrx_word' id='word_1_179' title='bbox 1440 2632 1479 2677; x_wconf 88' lang='lat' dir='ltr'><strong>ea</strong></span> <span class='ocrx_word' id='word_1_180' title='bbox 1502 2613 1543 2678; x_wconf 94' lang='lat' dir='ltr'><strong>de</strong></span> <span class='ocrx_word' id='word_1_181' title='bbox 1566 2632 1665 2678; x_wconf 87' lang='lat' dir='ltr'><strong>eausa</strong></span> <span class='ocrx_word' id='word_1_182' title='bbox 1686 2633 1788 2679; x_wconf 79' lang='lat' dir='ltr'><strong>noras</strong></span> <span class='ocrx_word' id='word_1_183' title='bbox 1810 2613 1844 2680; x_wconf 93' lang='lat' dir='ltr'><strong>in</strong></span> 
     </span>
     <span class='ocr_line' id='line_1_19' title="bbox 206 2730 1042 2816; baseline -0.002 -19"><span class='ocrx_word' id='word_1_184' title='bbox 206 2733 368 2798; x_wconf 89' lang='lat' dir='ltr'><strong>Romanos</strong></span> <span class='ocrx_word' id='word_1_185' title='bbox 389 2733 455 2797; x_wconf 91' lang='lat' dir='ltr'><strong>iras</strong></span> <span class='ocrx_word' id='word_1_186' title='bbox 477 2730 662 2816; x_wconf 89' lang='lat' dir='ltr'><strong>percepisse</strong></span> <span class='ocrx_word' id='word_1_187' title='bbox 684 2751 778 2797; x_wconf 92' lang='lat' dir='ltr'><strong>nemo</strong></span> <span class='ocrx_word' id='word_1_188' title='bbox 800 2731 1042 2814; x_wconf 70' lang='lat' dir='ltr'><strong>mirabiturssli.</strong></span> 
     </span>
    </p>
   </div>
   <div class='ocr_carea' id='block_1_6' title="bbox 205 2919 1842 3246">
    <p class='ocr_par' dir='ltr' id='par_1_6' title="bbox 205 2919 1842 3246">
     <span class='ocr_line' id='line_1_20' title="bbox 293 2919 1842 3005; baseline -0.001 -18"><span class='ocrx_word' id='word_1_189' title='bbox 293 2921 388 2987; x_wconf 80' lang='lat' dir='ltr'><strong>Certe</strong></span> <span class='ocrx_word' id='word_1_190' title='bbox 411 2919 607 2985; x_wconf 89' lang='lat' dir='ltr'><strong>lohannidos</strong></span> <span class='ocrx_word' id='word_1_191' title='bbox 629 2920 780 3000; x_wconf 91' lang='lat' dir='ltr'><strong>locorum,</strong></span> <span class='ocrx_word' id='word_1_192' title='bbox 807 2919 847 2984; x_wconf 91' lang='lat' dir='ltr'><strong>de</strong></span> <span class='ocrx_word' id='word_1_193' title='bbox 870 2919 987 3001; x_wconf 90' lang='lat' dir='ltr'><strong>quibus</strong></span> <span class='ocrx_word' id='word_1_194' title='bbox 1009 2919 1103 2985; x_wconf 93' lang='lat' dir='ltr'><strong>modo</strong></span> <span class='ocrx_word' id='word_1_195' title='bbox 1127 2920 1267 3003; x_wconf 83' lang='lat' dir='ltr'><strong>egimus,</strong></span> <span class='ocrx_word' id='word_1_196' title='bbox 1293 2928 1424 3002; x_wconf 89' lang='lat' dir='ltr'><strong>neuter,</strong></span> <span class='ocrx_word' id='word_1_197' title='bbox 1451 2941 1555 3005; x_wconf 89' lang='lat' dir='ltr'><strong>neque</strong></span> <span class='ocrx_word' id='word_1_198' title='bbox 1578 2921 1748 2987; x_wconf 90' lang='lat' dir='ltr'><strong>Athanasii</strong></span> <span class='ocrx_word' id='word_1_199' title='bbox 1770 2923 1842 2988; x_wconf 89' lang='lat' dir='ltr'><strong>laus</strong></span> 
     </span>
     <span class='ocr_line' id='line_1_21' title="bbox 207 3038 1839 3125; baseline -0.001 -18"><span class='ocrx_word' id='word_1_200' title='bbox 207 3061 311 3124; x_wconf 88' lang='lat' dir='ltr'><strong>neque</strong></span> <span class='ocrx_word' id='word_1_201' title='bbox 334 3041 473 3107; x_wconf 89' lang='lat' dir='ltr'><strong>Antalae</strong></span> <span class='ocrx_word' id='word_1_202' title='bbox 504 3040 674 3105; x_wconf 88' lang='lat' dir='ltr'><strong>ostentatio</strong></span> <span class='ocrx_word' id='word_1_203' title='bbox 696 3039 844 3124; x_wconf 90' lang='lat' dir='ltr'><strong>Procopii</strong></span> <span class='ocrx_word' id='word_1_204' title='bbox 874 3038 1089 3104; x_wconf 89' lang='lat' dir='ltr'><strong>narrationem</strong></span> <span class='ocrx_word' id='word_1_205' title='bbox 1119 3039 1266 3124; x_wconf 82' lang='lat' dir='ltr'><strong>infringit</strong></span> <span class='ocrx_word' id='word_1_206' title='bbox 1289 3040 1342 3105; x_wconf 85' lang='lat' dir='ltr'><strong>vel</strong></span> <span class='ocrx_word' id='word_1_207' title='bbox 1365 3040 1499 3123; x_wconf 88' lang='lat' dir='ltr'><strong>refutat,</strong></span> <span class='ocrx_word' id='word_1_208' title='bbox 1533 3062 1596 3125; x_wconf 92' lang='lat' dir='ltr'><strong>qua</strong></span> <span class='ocrx_word' id='word_1_209' title='bbox 1617 3043 1839 3109; x_wconf 88' lang='lat' dir='ltr'><strong>Armeniorum</strong></span> 
     </span>
     <span class='ocr_line' id='line_1_22' title="bbox 205 3157 1840 3246; baseline 0.002 -21"><span class='ocrx_word' id='word_1_210' title='bbox 205 3161 328 3242; x_wconf 88' lang='lat' dir='ltr'><strong>merito,</strong></span> <span class='ocrx_word' id='word_1_211' title='bbox 354 3161 510 3227; x_wconf 84' lang='lat' dir='ltr'><strong>Artabani</strong></span> <span class='ocrx_word' id='word_1_212' title='bbox 532 3161 672 3226; x_wconf 82' lang='lat' dir='ltr'><strong>maxime</strong></span> <span class='ocrx_word' id='word_1_213' title='bbox 693 3160 879 3226; x_wconf 89' lang='lat' dir='ltr'><strong>fortitudine</strong></span> <span class='ocrx_word' id='word_1_214' title='bbox 903 3167 936 3224; x_wconf 89' lang='lat' dir='ltr'><strong>et</strong></span> <span class='ocrx_word' id='word_1_215' title='bbox 956 3157 1134 3225; x_wconf 86' lang='lat' dir='ltr'><strong>calliditate</strong></span> <span class='ocrx_word' id='word_1_216' title='bbox 1156 3159 1298 3226; x_wconf 90' lang='lat' dir='ltr'><strong>Africam</strong></span> <span class='ocrx_word' id='word_1_217' title='bbox 1321 3159 1518 3245; x_wconf 88' lang='lat' dir='ltr'><strong>provinciam</strong></span> <span class='ocrx_word' id='word_1_218' title='bbox 1540 3161 1724 3246; x_wconf 88' lang='lat' dir='ltr'><strong>imperatori</strong></span> <span class='ocrx_word' id='word_1_219' title='bbox 1747 3184 1840 3229; x_wconf 92' lang='lat' dir='ltr'><strong>recu-</strong></span> 
     </span>
    </p>
   </div>
   <div class='ocr_carea' id='block_1_7' title="bbox 204 3279 1839 3487">
    <p class='ocr_par' dir='ltr' id='par_1_7' title="bbox 204 3279 1839 3487">
     <span class='ocr_line' id='line_1_23' title="bbox 204 3279 1838 3366; baseline 0.002 -20"><span class='ocrx_word' id='word_1_220' title='bbox 204 3288 350 3365; x_wconf 89' lang='lat' dir='ltr'><strong>peratam</strong></span> <span class='ocrx_word' id='word_1_221' title='bbox 380 3301 452 3347; x_wconf 89' lang='lat' dir='ltr'><strong>esse</strong></span> <span class='ocrx_word' id='word_1_222' title='bbox 482 3281 645 3348; x_wconf 89' lang='lat' dir='ltr'><strong>docemur.</strong></span> <span class='ocrx_word' id='word_1_223' title='bbox 692 3280 856 3346; x_wconf 88' lang='lat' dir='ltr'><strong>Artabano</strong></span> <span class='ocrx_word' id='word_1_224' title='bbox 878 3279 1074 3344; x_wconf 88' lang='lat' dir='ltr'><strong>Iustinianus</strong></span> <span class='ocrx_word' id='word_1_225' title='bbox 1103 3279 1173 3364; x_wconf 88' lang='lat' dir='ltr'><strong>ipse</strong></span> <span class='ocrx_word' id='word_1_226' title='bbox 1203 3279 1362 3345; x_wconf 87' lang='lat' dir='ltr'><strong>maximas</strong></span> <span class='ocrx_word' id='word_1_227' title='bbox 1391 3280 1513 3364; x_wconf 87' lang='lat' dir='ltr'><strong>gratias</strong></span> <span class='ocrx_word' id='word_1_228' title='bbox 1539 3280 1669 3364; x_wconf 92' lang='lat' dir='ltr'><strong>habuit,</strong></span> <span class='ocrx_word' id='word_1_229' title='bbox 1700 3303 1838 3366; x_wconf 89' lang='lat' dir='ltr'><strong>eumque</strong></span> 
     </span>
     <span class='ocr_line' id='line_1_24' title="bbox 205 3399 1839 3487; baseline 0.002 -23"><span class='ocrx_word' id='word_1_230' title='bbox 205 3400 313 3466; x_wconf 89' lang='lat' dir='ltr'><strong>statim</strong></span> <span class='ocrx_word' id='word_1_231' title='bbox 336 3400 508 3468; x_wconf 90' lang='lat' dir='ltr'><strong>Africanae</strong></span> <span class='ocrx_word' id='word_1_232' title='bbox 537 3401 672 3466; x_wconf 90' lang='lat' dir='ltr'><strong>militiae</strong></span> <span class='ocrx_word' id='word_1_233' title='bbox 700 3400 757 3466; x_wconf 91' lang='lat' dir='ltr'><strong>toti</strong></span> <span class='ocrx_word' id='word_1_234' title='bbox 786 3399 952 3484; x_wconf 91' lang='lat' dir='ltr'><strong>praefecit.</strong></span> <span class='ocrx_word' id='word_1_235' title='bbox 1000 3399 1080 3465; x_wconf 86' lang='lat' dir='ltr'><strong>Cum</strong></span> <span class='ocrx_word' id='word_1_236' title='bbox 1109 3405 1217 3464; x_wconf 89' lang='lat' dir='ltr'><strong>autem</strong></span> <span class='ocrx_word' id='word_1_237' title='bbox 1238 3400 1423 3466; x_wconf 77' lang='lat' dir='ltr'><strong>Artabanus</strong></span> <span class='ocrx_word' id='word_1_238' title='bbox 1452 3400 1522 3485; x_wconf 90' lang='lat' dir='ltr'><strong>ipse</strong></span> <span class='ocrx_word' id='word_1_239' title='bbox 1548 3402 1660 3486; x_wconf 89' lang='lat' dir='ltr'><strong>paullo</strong></span> <span class='ocrx_word' id='word_1_240' title='bbox 1682 3409 1771 3487; x_wconf 89' lang='lat' dir='ltr'><strong>post,</strong></span> <span class='ocrx_word' id='word_1_241' title='bbox 1803 3410 1839 3468; x_wconf 90' lang='lat' dir='ltr'><strong>ut</strong></span> 
     </span>
    </p>
   </div>
   <div class='ocr_carea' id='block_1_8' title="bbox 205 3627 618 3636">
    <p class='ocr_par' dir='ltr' id='par_1_8' title="bbox 205 3627 618 3636">
     <span class='ocr_line' id='line_1_25' title="bbox 205 3627 618 3636; baseline 0.002 -2"><span class='ocrx_word' id='word_1_242' title='bbox 205 3627 618 3636; x_wconf 50' lang='lat' dir='ltr'><strong>m*—</strong></span> 
     </span>
    </p>
   </div>
   <div class='ocr_carea' id='block_1_9' title="bbox 204 3771 1833 4022">
    <p class='ocr_par' dir='ltr' id='par_1_9' title="bbox 204 3771 1833 4022">
     <span class='ocr_line' id='line_1_26' title="bbox 294 3771 1833 3855; baseline 0.003 -25"><span class='ocrx_word' id='word_1_243' title='bbox 294 3781 351 3842; x_wconf 82' lang='lat' dir='ltr'><strong>ilo)</strong></span> <span class='ocrx_word' id='word_1_244' title='bbox 373 3783 442 3830; x_wconf 86' lang='lat' dir='ltr'><strong>Proc.</strong></span> <span class='ocrx_word' id='word_1_245' title='bbox 464 3784 488 3829; x_wconf 91' lang='lat' dir='ltr'><strong>b.</strong></span> <span class='ocrx_word' id='word_1_246' title='bbox 510 3781 593 3831; x_wconf 87' lang='lat' dir='ltr'><strong>Vaud.</strong></span> <span class='ocrx_word' id='word_1_247' title='bbox 614 3783 639 3829; x_wconf 93' lang='lat' dir='ltr'><strong>ll</strong></span> <span class='ocrx_word' id='word_1_248' title='bbox 659 3779 691 3830; x_wconf 79' lang='lat'><strong>26</strong></span> <span class='ocrx_word' id='word_1_249' title='bbox 710 3786 799 3848; x_wconf 85' lang='grc' dir='ltr'><strong>πρῶτα</strong></span> <span class='ocrx_word' id='word_1_250' title='bbox 819 3777 864 3847; x_wconf 83' lang='grc' dir='ltr'><strong>μὲν</strong></span> <span class='ocrx_word' id='word_1_251' title='bbox 884 3775 988 3830; x_wconf 83' lang='grc' dir='ltr'><strong>οὖντὸν</strong></span> <span class='ocrx_word' id='word_1_252' title='bbox 1006 3771 1159 3831; x_wconf 69' lang='grc' dir='ltr'><strong>Ἀθανάτων</strong></span> <span class='ocrx_word' id='word_1_253' title='bbox 1179 3776 1354 3846; x_wconf 75' lang='grc' dir='ltr'><strong>μετεπέμπετο</strong></span> <span class='ocrx_word' id='word_1_254' title='bbox 1376 3783 1436 3842; x_wconf 75' lang='lat' dir='ltr'><strong>(acti.</strong></span> <span class='ocrx_word' id='word_1_255' title='bbox 1458 3777 1471 3831; x_wconf 80' lang='lat' dir='ltr'><strong>d</strong></span> <span class='ocrx_word' id='word_1_256' title='bbox 1490 3775 1510 3832; x_wconf 89' lang='grc' dir='ltr'><strong><em>Γ</em></strong></span> <span class='ocrx_word' id='word_1_257' title='bbox 1511 3777 1636 3851; x_wconf 66' lang='lat' dir='ltr'><strong>triopa),</strong></span> <span class='ocrx_word' id='word_1_258' title='bbox 1656 3781 1699 3833; x_wconf 81' lang='grc' dir='ltr'><strong>οιαὶ</strong></span> <span class='ocrx_word' id='word_1_259' title='bbox 1718 3781 1745 3840; x_wconf 79' lang='grc' dir='ltr'><strong>ὃς</strong></span> <span class='ocrx_word' id='word_1_260' title='bbox 1764 3781 1833 3855; x_wconf 79' lang='grc' dir='ltr'><strong>αὐτῷ</strong></span> 
     </span>
     <span class='ocr_line' id='line_1_27' title="bbox 204 3862 1833 3938; baseline 0.002 -21"><span class='ocrx_word' id='word_1_261' title='bbox 204 3863 278 3917; x_wconf 76' lang='grc' dir='ltr'><strong>οὐδὲν</strong></span> <span class='ocrx_word' id='word_1_262' title='bbox 298 3863 427 3934; x_wconf 76' lang='grc' dir='ltr'>μελλήσας</span> <span class='ocrx_word' id='word_1_263' title='bbox 444 3863 520 3931; x_wconf 62' lang='lat' dir='ltr'><strong>iride.</strong></span> <span class='ocrx_word' id='word_1_264' title='bbox 553 3864 652 3935; x_wconf 76' lang='grc' dir='ltr'><strong>θωπείᾳ</strong></span> <span class='ocrx_word' id='word_1_265' title='bbox 669 3882 696 3917; x_wconf 90' lang='grc' dir='ltr'><strong>τε</strong></span> <span class='ocrx_word' id='word_1_266' title='bbox 714 3862 800 3936; x_wconf 69' lang='grc' dir='ltr'><strong>πολλῇ</strong></span> <span class='ocrx_word' id='word_1_267' title='bbox 817 3865 951 3936; x_wconf 77' lang='grc' dir='ltr'><strong>χρώμενος</strong></span> <span class='ocrx_word' id='word_1_268' title='bbox 970 3863 1074 3934; x_wconf 76' lang='grc' dir='ltr'><strong>δόκησιν</strong></span> <span class='ocrx_word' id='word_1_269' title='bbox 1093 3862 1228 3936; x_wconf 84' lang='grc' dir='ltr'><strong>παρείχετο</strong></span> <span class='ocrx_word' id='word_1_270' title='bbox 1247 3862 1372 3932; x_wconf 68' lang='lat' dir='ltr'><strong>beaberis</strong></span> <span class='ocrx_word' id='word_1_271' title='bbox 1392 3864 1430 3917; x_wconf 75' lang='grc' dir='ltr'><strong>ὅτι</strong></span> <span class='ocrx_word' id='word_1_272' title='bbox 1449 3863 1559 3934; x_wconf 74' lang='grc' dir='ltr'><strong>μάλιστα</strong></span> <span class='ocrx_word' id='word_1_273' title='bbox 1576 3865 1594 3936; x_wconf 83' lang='grc' dir='ltr'>ἡ</span> <span class='ocrx_word' id='word_1_274' title='bbox 1613 3865 1701 3935; x_wconf 80' lang='grc' dir='ltr'><strong>πρᾶξις</strong></span> <span class='ocrx_word' id='word_1_275' title='bbox 1721 3865 1833 3938; x_wconf 69' lang='lat' dir='ltr'><strong>Aptasti.</strong></span> 
     </span>
     <span class='ocr_line' id='line_1_28' title="bbox 205 3945 1604 4022; baseline 0.001 -20"><span class='ocrx_word' id='word_1_276' title='bbox 205 3953 347 4002; x_wconf 83' lang='lat' dir='ltr'><strong>Araobindo</strong></span> <span class='ocrx_word' id='word_1_277' title='bbox 364 3954 497 4003; x_wconf 83' lang='lat' dir='ltr'><strong>interiecto</strong></span> <span class='ocrx_word' id='word_1_278' title='bbox 512 3945 668 4006; x_wconf 78' lang='lat' dir='ltr'><strong>&#39;Adaancico</strong></span> <span class='ocrx_word' id='word_1_279' title='bbox 688 3949 776 4019; x_wconf 83' lang='grc' dir='ltr'><strong>μίντοι</strong></span> <span class='ocrx_word' id='word_1_280' title='bbox 794 3949 937 4021; x_wconf 71' lang='grc' dir='ltr'><strong>ἐφείσαντο,</strong></span> <span class='ocrx_word' id='word_1_281' title='bbox 956 3950 985 4003; x_wconf 81' lang='grc' dir='ltr'><strong>τὺ</strong></span> <span class='ocrx_word' id='word_1_282' title='bbox 1002 3954 1092 4022; x_wconf 71' lang='grc' dir='ltr'><strong>γῆρας,</strong></span> <span class='ocrx_word' id='word_1_283' title='bbox 1113 3947 1194 4020; x_wconf 76' lang='grc' dir='ltr'><strong>οἶμαι,</strong></span> <span class='ocrx_word' id='word_1_284' title='bbox 1213 3954 1259 4002; x_wconf 79' lang='grc' dir='ltr'><strong>τοῦ</strong></span> <span class='ocrx_word' id='word_1_285' title='bbox 1277 3947 1414 4020; x_wconf 71' lang='grc' dir='ltr'><strong>ἀνθρώπου</strong></span> <span class='ocrx_word' id='word_1_286' title='bbox 1436 3948 1604 4021; x_wconf 77' lang='grc' dir='ltr'><strong>ὑπεριδόντες.</strong></span> 
     </span>
    </p>
   </div>
   <div class='ocr_carea' id='block_1_10' title="bbox 205 4047 1834 4216">
    <p class='ocr_par' dir='ltr' id='par_1_10' title="bbox 205 4047 1834 4216">
     <span class='ocr_line' id='line_1_29' title="bbox 292 4047 1834 4128; baseline 0.004 -23"><span class='ocrx_word' id='word_1_287' title='bbox 292 4055 349 4118; x_wconf 85' lang='grc'>111)</span> <span class='ocrx_word' id='word_1_288' title='bbox 370 4057 439 4106; x_wconf 84' lang='grc' dir='ltr'><strong>Ρτοο.</strong></span> <span class='ocrx_word' id='word_1_289' title='bbox 459 4058 484 4106; x_wconf 89' lang='lat' dir='ltr'><strong>b.</strong></span> <span class='ocrx_word' id='word_1_290' title='bbox 505 4057 589 4106; x_wconf 81' lang='lat' dir='ltr'><strong>Vand.</strong></span> <span class='ocrx_word' id='word_1_291' title='bbox 609 4055 687 4106; x_wconf 77' lang='lat'>1128</span> <span class='ocrx_word' id='word_1_292' title='bbox 710 4053 768 4108; x_wconf 84' lang='grc' dir='ltr'><strong>τότε</strong></span> <span class='ocrx_word' id='word_1_293' title='bbox 797 4057 859 4118; x_wconf 77' lang='lat' dir='ltr'><strong>(aad.</strong></span> <span class='ocrx_word' id='word_1_294' title='bbox 880 4055 1032 4105; x_wconf 86' lang='lat' dir='ltr'><strong>Guutaritho</strong></span> <span class='ocrx_word' id='word_1_295' title='bbox 1051 4057 1140 4118; x_wconf 84' lang='lat' dir='ltr'><strong>occiso)</strong></span> <span class='ocrx_word' id='word_1_296' title='bbox 1164 4047 1325 4124; x_wconf 76' lang='grc' dir='ltr'>Ἀρταβάνης</span> <span class='ocrx_word' id='word_1_297' title='bbox 1349 4055 1392 4108; x_wconf 81' lang='grc' dir='ltr'><strong>τὸν</strong></span> <span class='ocrx_word' id='word_1_298' title='bbox 1416 4048 1570 4109; x_wconf 74' lang='grc' dir='ltr'><strong>Ἀθανάτων</strong></span> <span class='ocrx_word' id='word_1_299' title='bbox 1595 4055 1754 4128; x_wconf 73' lang='grc' dir='ltr'><strong>ἐμαρτύρατο</strong></span> <span class='ocrx_word' id='word_1_300' title='bbox 1779 4055 1834 4111; x_wconf 84' lang='grc' dir='ltr'><strong>ἐπι-</strong></span> 
     </span>
     <span class='ocr_line' id='line_1_30' title="bbox 205 4134 1524 4216; baseline 0.002 -25"><span class='ocrx_word' id='word_1_301' title='bbox 205 4137 340 4208; x_wconf 68' lang='grc' dir='ltr'><strong>μελεῖσθαι</strong></span> <span class='ocrx_word' id='word_1_302' title='bbox 357 4147 409 4192; x_wconf 78' lang='grc' dir='ltr'><strong>τῶν</strong></span> <span class='ocrx_word' id='word_1_303' title='bbox 427 4138 454 4193; x_wconf 86' lang='grc' dir='ltr'><strong>ἐν</strong></span> <span class='ocrx_word' id='word_1_304' title='bbox 472 4139 510 4212; x_wconf 76' lang='grc' dir='ltr'><strong>τῷ</strong></span> <span class='ocrx_word' id='word_1_305' title='bbox 527 4137 642 4211; x_wconf 84' lang='grc' dir='ltr'><strong>παλατίιρ</strong></span> <span class='ocrx_word' id='word_1_306' title='bbox 660 4139 812 4212; x_wconf 76' lang='grc' dir='ltr'><strong>χρημάτων.</strong></span> <span class='ocrx_word' id='word_1_307' title='bbox 851 4137 899 4192; x_wconf 78' lang='grc' dir='ltr'><strong>ὅσα</strong></span> <span class='ocrx_word' id='word_1_308' title='bbox 915 4139 963 4211; x_wconf 73' lang='grc' dir='ltr'><strong>γὰρ</strong></span> <span class='ocrx_word' id='word_1_309' title='bbox 978 4134 1137 4212; x_wconf 78' lang='grc' dir='ltr'><strong>Ἀρεσβίνδῳ</strong></span> <span class='ocrx_word' id='word_1_310' title='bbox 1156 4137 1298 4204; x_wconf 74' lang='grc' dir='ltr'><strong>ἐλέλειπτο,</strong></span> <span class='ocrx_word' id='word_1_311' title='bbox 1320 4138 1431 4194; x_wconf 80' lang='grc' dir='ltr'><strong>ἐνταῦθα</strong></span> <span class='ocrx_word' id='word_1_312' title='bbox 1450 4140 1524 4216; x_wconf 73' lang='grc' dir='ltr'><strong>εἶναι.</strong></span> 
     </span>
    </p>
   </div>
   <div class='ocr_carea' id='block_1_11' title="bbox 292 4243 1225 4308">
    <p class='ocr_par' dir='ltr' id='par_1_11' title="bbox 292 4243 1225 4308">
     <span class='ocr_line' id='line_1_31' title="bbox 292 4243 1225 4308; baseline 0.002 -14"><span class='ocrx_word' id='word_1_313' title='bbox 292 4244 348 4306; x_wconf 73' lang='lat' dir='ltr'><strong>tra)</strong></span> <span class='ocrx_word' id='word_1_314' title='bbox 370 4243 426 4295; x_wconf 79' lang='lat' dir='ltr'><strong>Cor.</strong></span> <span class='ocrx_word' id='word_1_315' title='bbox 446 4246 500 4295; x_wconf 87' lang='lat' dir='ltr'><strong>loir.</strong></span> <span class='ocrx_word' id='word_1_316' title='bbox 522 4245 571 4294; x_wconf 86' lang='lat' dir='ltr'><strong>Vll</strong></span> <span class='ocrx_word' id='word_1_317' title='bbox 592 4243 640 4294; x_wconf 90' lang='grc'>199</span> <span class='ocrx_word' id='word_1_318' title='bbox 671 4245 703 4293; x_wconf 88' lang='lat' dir='ltr'><strong>cf.</strong></span> <span class='ocrx_word' id='word_1_319' title='bbox 724 4247 846 4308; x_wconf 84' lang='lat' dir='ltr'><strong>prooemii</strong></span> <span class='ocrx_word' id='word_1_320' title='bbox 864 4245 941 4294; x_wconf 82' lang='lat' dir='ltr'><strong>intua</strong></span> <span class='ocrx_word' id='word_1_321' title='bbox 959 4247 1146 4294; x_wconf 83' lang='lat' dir='ltr'><strong>adnotationem</strong></span> <span class='ocrx_word' id='word_1_322' title='bbox 1166 4244 1225 4296; x_wconf 83' lang='lat' dir='ltr'><strong>tat.</strong></span> 
     </span>
    </p>
   </div>
   <div class='ocr_carea' id='block_1_12' title="bbox 294 4319 1464 4666">
    <p class='ocr_par' dir='ltr' id='par_1_12' title="bbox 294 4319 1464 4666">
     <span class='ocr_line' id='line_1_32' title="bbox 294 4319 1464 4416; baseline 0 -19"><span class='ocrx_word' id='word_1_323' title='bbox 294 4347 351 4408; x_wconf 72' lang='lat' dir='ltr'><strong>ria)</strong></span> <span class='ocrx_word' id='word_1_324' title='bbox 373 4348 428 4398; x_wconf 87' lang='lat' dir='ltr'><strong>Cor.</strong></span> <span class='ocrx_word' id='word_1_325' title='bbox 450 4349 504 4396; x_wconf 87' lang='lat' dir='ltr'><strong>loir.</strong></span> <span class='ocrx_word' id='word_1_326' title='bbox 525 4349 562 4397; x_wconf 88' lang='lat' dir='ltr'><strong>1v</strong></span> <span class='ocrx_word' id='word_1_327' title='bbox 581 4346 630 4396; x_wconf 78' lang='lat'><strong>367</strong></span> <span class='ocrx_word' id='word_1_328' title='bbox 650 4343 782 4414; x_wconf 76' lang='lat' dir='ltr'><strong>[Antalaaz</strong></span> <span class='ocrx_word' id='word_1_329' title='bbox 808 4350 895 4410; x_wconf 84' lang='lat' dir='ltr'><strong>‘quam</strong></span> <span class='ocrx_word' id='word_1_330' title='bbox 914 4347 963 4396; x_wconf 87' lang='lat' dir='ltr'><strong>lida</strong></span> <span class='ocrx_word' id='word_1_331' title='bbox 982 4349 1029 4410; x_wconf 88' lang='lat' dir='ltr'><strong>ait,</strong></span> <span class='ocrx_word' id='word_1_332' title='bbox 1051 4348 1149 4411; x_wconf 88' lang='lat' dir='ltr'><strong>lnquit,</strong></span> <span class='ocrx_word' id='word_1_333' title='bbox 1171 4355 1254 4398; x_wconf 83' lang='lat' dir='ltr'><strong>rastra</strong></span> <span class='ocrx_word' id='word_1_334' title='bbox 1271 4362 1311 4398; x_wconf 87' lang='lat' dir='ltr'><strong>res</strong></span> <span class='ocrx_word' id='word_1_335' title='bbox 1328 4319 1464 4416; x_wconf 53' lang='lat' dir='ltr'><strong>publicas</strong></span> 
     </span>
     <span class='ocr_line' id='line_1_33' title="bbox 645 4433 1300 4496; baseline 0.002 -15"><span class='ocrx_word' id='word_1_336' title='bbox 645 4433 814 4494; x_wconf 80' lang='lat' dir='ltr'><strong>Armeniique</strong></span> <span class='ocrx_word' id='word_1_337' title='bbox 832 4434 872 4481; x_wconf 91' lang='lat' dir='ltr'><strong>tui</strong></span> <span class='ocrx_word' id='word_1_338' title='bbox 889 4433 975 4482; x_wconf 90' lang='lat' dir='ltr'><strong>docuit</strong></span> <span class='ocrx_word' id='word_1_339' title='bbox 993 4433 1058 4481; x_wconf 88' lang='lat' dir='ltr'><strong>milri</strong></span> <span class='ocrx_word' id='word_1_340' title='bbox 1076 4434 1173 4485; x_wconf 82' lang='lat' dir='ltr'><strong>reddita</strong></span> <span class='ocrx_word' id='word_1_341' title='bbox 1191 4447 1300 4496; x_wconf 85' lang='lat' dir='ltr'><strong>maresa,</strong></span> 
     </span>
     <span class='ocr_line' id='line_1_34' title="bbox 645 4520 1305 4581; baseline 0 -13"><span class='ocrx_word' id='word_1_342' title='bbox 645 4521 759 4579; x_wconf 82' lang='lat' dir='ltr'><strong>frangere</strong></span> <span class='ocrx_word' id='word_1_343' title='bbox 778 4520 843 4581; x_wconf 89' lang='lat' dir='ltr'><strong>qnod</strong></span> <span class='ocrx_word' id='word_1_344' title='bbox 862 4521 936 4569; x_wconf 84' lang='lat' dir='ltr'><strong>nlaua</strong></span> <span class='ocrx_word' id='word_1_345' title='bbox 954 4525 1038 4568; x_wconf 86' lang='lat' dir='ltr'><strong>nostra</strong></span> <span class='ocrx_word' id='word_1_346' title='bbox 1056 4521 1152 4570; x_wconf 81' lang='lat' dir='ltr'><strong>virtute</strong></span> <span class='ocrx_word' id='word_1_347' title='bbox 1170 4525 1305 4579; x_wconf 85' lang='lat' dir='ltr'><strong>tyranuum</strong></span> 
     </span>
     <span class='ocr_line' id='line_1_35' title="bbox 647 4605 954 4666; baseline 0.003 -12"><span class='ocrx_word' id='word_1_348' title='bbox 647 4605 783 4654; x_wconf 85' lang='lat' dir='ltr'><strong>Guntarith</strong></span> <span class='ocrx_word' id='word_1_349' title='bbox 802 4606 844 4654; x_wconf 87' lang='lat' dir='ltr'><strong>irie</strong></span> <span class='ocrx_word' id='word_1_350' title='bbox 861 4607 954 4666; x_wconf 86' lang='lat' dir='ltr'><strong>potuit.</strong></span> 
     </span>
    </p>
   </div>
   <div class='ocr_carea' id='block_1_13' title="bbox 201 4697 1835 5099">
    <p class='ocr_par' dir='ltr' id='par_1_13' title="bbox 201 4697 1835 5099">
     <span class='ocr_line' id='line_1_36' title="bbox 292 4697 1830 4777; baseline 0.003 -23"><span class='ocrx_word' id='word_1_351' title='bbox 292 4704 349 4769; x_wconf 82' lang='lat'>114)</span> <span class='ocrx_word' id='word_1_352' title='bbox 370 4707 440 4757; x_wconf 83' lang='grc' dir='ltr'><strong>Ρτοσ.</strong></span> <span class='ocrx_word' id='word_1_353' title='bbox 460 4708 485 4756; x_wconf 90' lang='lat' dir='ltr'><strong>b.</strong></span> <span class='ocrx_word' id='word_1_354' title='bbox 506 4707 587 4756; x_wconf 84' lang='lat' dir='ltr'><strong>Vand.</strong></span> <span class='ocrx_word' id='word_1_355' title='bbox 608 4708 632 4755; x_wconf 96' lang='lat' dir='ltr'><strong>ll</strong></span> <span class='ocrx_word' id='word_1_356' title='bbox 651 4705 683 4755; x_wconf 81' lang='lat'><strong>27</strong></span> <span class='ocrx_word' id='word_1_357' title='bbox 702 4709 759 4757; x_wconf 89' lang='lat' dir='ltr'><strong>init.</strong></span> <span class='ocrx_word' id='word_1_358' title='bbox 786 4707 833 4774; x_wconf 80' lang='grc' dir='ltr'><strong>τὴν</strong></span> <span class='ocrx_word' id='word_1_359' title='bbox 858 4705 904 4774; x_wconf 84' lang='grc' dir='ltr'><strong>μὲν</strong></span> <span class='ocrx_word' id='word_1_360' title='bbox 922 4699 1085 4776; x_wconf 82' lang='grc' dir='ltr'><strong>Ἀρεσβίνδον</strong></span> <span class='ocrx_word' id='word_1_361' title='bbox 1109 4704 1226 4777; x_wconf 70' lang='grc' dir='ltr'><strong>κεφαλὴν</strong></span> <span class='ocrx_word' id='word_1_362' title='bbox 1250 4704 1320 4774; x_wconf 79' lang='grc' dir='ltr'><strong>παρὰ</strong></span> <span class='ocrx_word' id='word_1_363' title='bbox 1340 4705 1383 4758; x_wconf 85' lang='grc' dir='ltr'><strong>τὸν</strong></span> <span class='ocrx_word' id='word_1_364' title='bbox 1402 4697 1525 4759; x_wconf 61' lang='lat' dir='ltr'><strong>&#39;Arraei</strong></span> <span class='ocrx_word' id='word_1_365' title='bbox 1545 4702 1558 4756; x_wconf 78' lang='grc' dir='ltr'>ὁ</span> <span class='ocrx_word' id='word_1_366' title='bbox 1577 4701 1701 4774; x_wconf 70' lang='grc' dir='ltr'><strong>Γόνῦαρις</strong></span> <span class='ocrx_word' id='word_1_367' title='bbox 1722 4705 1830 4777; x_wconf 77' lang='grc' dir='ltr'><strong>ἔπεμψε,</strong></span> 
     </span>
     <span class='ocr_line' id='line_1_37' title="bbox 201 4785 1834 4862; baseline 0.002 -21"><span class='ocrx_word' id='word_1_368' title='bbox 201 4789 234 4842; x_wconf 80' lang='grc' dir='ltr'><strong>τὰ</strong></span> <span class='ocrx_word' id='word_1_369' title='bbox 251 4787 280 4842; x_wconf 79' lang='lat' dir='ltr'><strong>at</strong></span> <span class='ocrx_word' id='word_1_370' title='bbox 297 4790 420 4862; x_wconf 77' lang='grc' dir='ltr'><strong>χρήματα</strong></span> <span class='ocrx_word' id='word_1_371' title='bbox 437 4789 558 4849; x_wconf 70' lang='grc' dir='ltr'><strong>καὶτοὺς</strong></span> <span class='ocrx_word' id='word_1_372' title='bbox 577 4793 732 4861; x_wconf 66' lang='lat' dir='ltr'><strong>superadstat</strong></span> <span class='ocrx_word' id='word_1_373' title='bbox 750 4791 826 4844; x_wconf 76' lang='grc' dir='ltr'><strong>αὐτὸν</strong></span> <span class='ocrx_word' id='word_1_374' title='bbox 845 4789 994 4860; x_wconf 75' lang='grc' dir='ltr'><strong>ἀποστερεῖν</strong></span> <span class='ocrx_word' id='word_1_375' title='bbox 1014 4790 1088 4862; x_wconf 67' lang='grc' dir='ltr'><strong>ἔγνω.</strong></span> <span class='ocrx_word' id='word_1_376' title='bbox 1125 4785 1250 4850; x_wconf 69' lang='lat' dir='ltr'><strong>&#39;Astabat</strong></span> <span class='ocrx_word' id='word_1_377' title='bbox 1267 4791 1366 4852; x_wconf 83' lang='grc' dir='ltr'><strong>τοίνυν,</strong></span> <span class='ocrx_word' id='word_1_378' title='bbox 1388 4790 1426 4843; x_wconf 76' lang='grc' dir='ltr'><strong>ὅτι</strong></span> <span class='ocrx_word' id='word_1_379' title='bbox 1442 4807 1469 4843; x_wconf 81' lang='grc' dir='ltr'><strong>τε</strong></span> <span class='ocrx_word' id='word_1_380' title='bbox 1488 4789 1581 4843; x_wconf 73' lang='lat' dir='ltr'><strong>cludro</strong></span> <span class='ocrx_word' id='word_1_381' title='bbox 1599 4791 1769 4862; x_wconf 72' lang='grc' dir='ltr'><strong>ξυγκειμένων</strong></span> <span class='ocrx_word' id='word_1_382' title='bbox 1789 4793 1834 4845; x_wconf 73' lang='grc' dir='ltr'><strong>οὗ·</strong></span> 
     </span>
     <span class='ocr_line' id='line_1_38' title="bbox 203 4871 1835 4949; baseline 0.002 -22"><span class='ocrx_word' id='word_1_383' title='bbox 203 4874 246 4928; x_wconf 74' lang='grc' dir='ltr'><strong>ὀὲν</strong></span> <span class='ocrx_word' id='word_1_384' title='bbox 264 4873 394 4940; x_wconf 67' lang='lat' dir='ltr'><strong>terrete,</strong></span> <span class='ocrx_word' id='word_1_385' title='bbox 421 4875 490 4930; x_wconf 77' lang='lat' dir='ltr'><strong>barad</strong></span> <span class='ocrx_word' id='word_1_386' title='bbox 514 4876 641 4938; x_wconf 86' lang='grc' dir='ltr'><strong>ἐποιεῖτο,</strong></span> <span class='ocrx_word' id='word_1_387' title='bbox 666 4877 711 4931; x_wconf 71' lang='grc' dir='ltr'><strong>καὶ</strong></span> <span class='ocrx_word' id='word_1_388' title='bbox 728 4877 760 4930; x_wconf 77' lang='grc' dir='ltr'><strong>τὰ</strong></span> <span class='ocrx_word' id='word_1_389' title='bbox 778 4876 954 4947; x_wconf 82' lang='grc' dir='ltr'><strong>ὀμωμοσμένα</strong></span> <span class='ocrx_word' id='word_1_390' title='bbox 971 4877 1008 4947; x_wconf 79' lang='grc' dir='ltr'><strong>τῷ</strong></span> <span class='ocrx_word' id='word_1_391' title='bbox 1025 4873 1160 4948; x_wconf 68' lang='grc' dir='ltr'><strong>Γονθάριδι</strong></span> <span class='ocrx_word' id='word_1_392' title='bbox 1177 4876 1203 4936; x_wconf 87' lang='grc' dir='ltr'><strong>ἐς</strong></span> <span class='ocrx_word' id='word_1_393' title='bbox 1221 4877 1264 4930; x_wconf 81' lang='grc' dir='ltr'><strong>τὸν</strong></span> <span class='ocrx_word' id='word_1_394' title='bbox 1282 4871 1441 4948; x_wconf 74' lang='grc' dir='ltr'><strong>Ἀρεόβινδον</strong></span> <span class='ocrx_word' id='word_1_395' title='bbox 1461 4874 1554 4929; x_wconf 80' lang='grc' dir='ltr'><strong>ἐννοῶν</strong></span> <span class='ocrx_word' id='word_1_396' title='bbox 1573 4875 1711 4949; x_wconf 78' lang='grc' dir='ltr'><strong>ἤσχαλλεν.</strong></span> <span class='ocrx_word' id='word_1_397' title='bbox 1750 4876 1835 4930; x_wconf 78' lang='grc' dir='ltr'><strong>πολλοὶ</strong></span> 
     </span>
     <span class='ocr_line' id='line_1_39' title="bbox 203 4955 1835 5034; baseline 0.002 -22"><span class='ocrx_word' id='word_1_398' title='bbox 203 4965 263 5032; x_wconf 64' lang='grc' dir='ltr'><strong>γοῦν</strong></span> <span class='ocrx_word' id='word_1_399' title='bbox 288 4961 315 5014; x_wconf 78' lang='grc' dir='ltr'><strong>ἐν</strong></span> <span class='ocrx_word' id='word_1_400' title='bbox 340 4959 411 5034; x_wconf 78' lang='grc' dir='ltr'><strong>αὑτῷ</strong></span> <span class='ocrx_word' id='word_1_401' title='bbox 434 4960 601 5033; x_wconf 68' lang='grc' dir='ltr'><strong>λογισάμενος</strong></span> <span class='ocrx_word' id='word_1_402' title='bbox 619 4955 787 5034; x_wconf 66' lang='lat' dir='ltr'><strong>&#39;leocritia-up</strong></span> <span class='ocrx_word' id='word_1_403' title='bbox 813 4961 912 5033; x_wconf 84' lang='grc' dir='ltr'><strong>βασιλεῖ</strong></span> <span class='ocrx_word' id='word_1_404' title='bbox 935 4968 1094 5034; x_wconf 70' lang='grc' dir='ltr'><strong>προσχωρεῖν</strong></span> <span class='ocrx_word' id='word_1_405' title='bbox 1117 4959 1210 5030; x_wconf 61' lang='lat' dir='ltr'><strong>stete:</strong></span> <span class='ocrx_word' id='word_1_406' title='bbox 1239 4967 1325 5028; x_wconf 86' lang='lat' dir='ltr'><strong>paullo</strong></span> <span class='ocrx_word' id='word_1_407' title='bbox 1348 4970 1406 5029; x_wconf 88' lang='lat' dir='ltr'><strong>post</strong></span> <span class='ocrx_word' id='word_1_408' title='bbox 1424 4964 1594 5014; x_wconf 84' lang='lat' dir='ltr'><strong>Guntaritlrus</strong></span> <span class='ocrx_word' id='word_1_409' title='bbox 1612 4967 1720 5015; x_wconf 84' lang='lat' dir='ltr'><strong>Antalaa</strong></span> <span class='ocrx_word' id='word_1_410' title='bbox 1739 4967 1835 5015; x_wconf 89' lang='lat' dir='ltr'><strong>bellum</strong></span> 
     </span>
     <span class='ocr_line' id='line_1_40' title="bbox 204 5050 290 5099; baseline 0.035 -3"><span class='ocrx_word' id='word_1_411' title='bbox 204 5050 290 5099; x_wconf 85' lang='lat' dir='ltr'><strong>infert.</strong></span> 
     </span>
    </p>
   </div>
   <div class='ocr_carea' id='block_1_14' title="bbox 291 5151 769 5213">
    <p class='ocr_par' dir='ltr' id='par_1_14' title="bbox 291 5151 769 5213">
     <span class='ocr_line' id='line_1_41' title="bbox 291 5151 769 5213; baseline -0.002 -11"><span class='ocrx_word' id='word_1_412' title='bbox 291 5151 349 5213; x_wconf 78' lang='lat' dir='ltr'><strong>rra)</strong></span> <span class='ocrx_word' id='word_1_413' title='bbox 369 5152 438 5201; x_wconf 73' lang='lat' dir='ltr'><strong>moa.</strong></span> <span class='ocrx_word' id='word_1_414' title='bbox 460 5153 484 5202; x_wconf 82' lang='lat' dir='ltr'><strong>s.</strong></span> <span class='ocrx_word' id='word_1_415' title='bbox 505 5152 587 5202; x_wconf 70' lang='lat' dir='ltr'><strong>vua.</strong></span> <span class='ocrx_word' id='word_1_416' title='bbox 608 5153 633 5200; x_wconf 93' lang='lat'><strong>11</strong></span> <span class='ocrx_word' id='word_1_417' title='bbox 652 5151 684 5202; x_wconf 78' lang='lat' dir='ltr'><strong>aa</strong></span> <span class='ocrx_word' id='word_1_418' title='bbox 703 5153 769 5201; x_wconf 72' lang='lat' dir='ltr'><strong>meu.</strong></span> 
     </span>
    </p>
   </div>
   <div class='ocr_carea' id='block_1_15' title="bbox 290 5254 1363 5747">
    <p class='ocr_par' dir='ltr' id='par_1_15' title="bbox 290 5254 1363 5747">
     <span class='ocr_line' id='line_1_42' title="bbox 290 5254 1324 5318; baseline 0.001 -15"><span class='ocrx_word' id='word_1_419' title='bbox 290 5254 348 5315; x_wconf 81' lang='grc'>116)</span> <span class='ocrx_word' id='word_1_420' title='bbox 368 5255 423 5305; x_wconf 80' lang='lat' dir='ltr'><strong>cor.</strong></span> <span class='ocrx_word' id='word_1_421' title='bbox 443 5255 498 5305; x_wconf 89' lang='lat' dir='ltr'><strong>loir.</strong></span> <span class='ocrx_word' id='word_1_422' title='bbox 519 5255 555 5302; x_wconf 85' lang='lat' dir='ltr'><strong>1v</strong></span> <span class='ocrx_word' id='word_1_423' title='bbox 574 5254 624 5304; x_wconf 81' lang='grc'><strong>359</strong></span> <span class='ocrx_word' id='word_1_424' title='bbox 935 5256 1002 5304; x_wconf 90' lang='lat' dir='ltr'><strong>ultra</strong></span> <span class='ocrx_word' id='word_1_425' title='bbox 1020 5269 1067 5305; x_wconf 84' lang='lat' dir='ltr'><strong>uso</strong></span> <span class='ocrx_word' id='word_1_426' title='bbox 1084 5257 1170 5305; x_wconf 87' lang='lat' dir='ltr'><strong>fallare</strong></span> <span class='ocrx_word' id='word_1_427' title='bbox 1189 5256 1324 5318; x_wconf 83' lang='lat' dir='ltr'><strong>quisquam</strong></span> 
     </span>
     <span class='ocr_line' id='line_1_43' title="bbox 644 5342 1283 5406; baseline 0.002 -17"><span class='ocrx_word' id='word_1_428' title='bbox 644 5343 754 5389; x_wconf 85' lang='lat' dir='ltr'><strong>Antalan</strong></span> <span class='ocrx_word' id='word_1_429' title='bbox 773 5353 800 5390; x_wconf 85' lang='lat' dir='ltr'><strong>aa</strong></span> <span class='ocrx_word' id='word_1_430' title='bbox 818 5353 892 5406; x_wconf 85' lang='lat' dir='ltr'><strong>possa</strong></span> <span class='ocrx_word' id='word_1_431' title='bbox 909 5347 992 5404; x_wconf 86' lang='lat' dir='ltr'><strong>putet.</strong></span> <span class='ocrx_word' id='word_1_432' title='bbox 1031 5343 1080 5391; x_wconf 87' lang='lat' dir='ltr'><strong>iam</strong></span> <span class='ocrx_word' id='word_1_433' title='bbox 1099 5343 1195 5392; x_wconf 85' lang='lat' dir='ltr'><strong>suflicit</strong></span> <span class='ocrx_word' id='word_1_434' title='bbox 1213 5342 1283 5390; x_wconf 85' lang='lat' dir='ltr'><strong>istud</strong></span> 
     </span>
     <span class='ocr_line' id='line_1_44' title="bbox 642 5427 993 5478; baseline 0.009 -4"><span class='ocrx_word' id='word_1_435' title='bbox 642 5427 763 5475; x_wconf 87' lang='lat' dir='ltr'><strong>Armenio</strong></span> <span class='ocrx_word' id='word_1_436' title='bbox 780 5427 886 5475; x_wconf 84' lang='lat' dir='ltr'><strong>licuisse</strong></span> <span class='ocrx_word' id='word_1_437' title='bbox 905 5429 993 5478; x_wconf 82' lang='lat' dir='ltr'><strong>semel.</strong></span> 
     </span>
     <span class='ocr_line' id='line_1_45' title="bbox 573 5511 1363 5576; baseline 0.001 -15"><span class='ocrx_word' id='word_1_438' title='bbox 573 5511 622 5561; x_wconf 82' lang='lat'><strong>373</strong></span> <span class='ocrx_word' id='word_1_439' title='bbox 641 5513 796 5561; x_wconf 83' lang='lat' dir='ltr'><strong>Artabanum</strong></span> <span class='ocrx_word' id='word_1_440' title='bbox 814 5511 887 5560; x_wconf 88' lang='lat' dir='ltr'><strong>modo</strong></span> <span class='ocrx_word' id='word_1_441' title='bbox 904 5519 972 5574; x_wconf 78' lang='lat' dir='ltr'><strong>grata</strong></span> <span class='ocrx_word' id='word_1_442' title='bbox 989 5513 1066 5576; x_wconf 86' lang='lat' dir='ltr'><strong>mihi,</strong></span> <span class='ocrx_word' id='word_1_443' title='bbox 1087 5513 1212 5575; x_wconf 80' lang='lat' dir='ltr'><strong>Fortuna,</strong></span> <span class='ocrx_word' id='word_1_444' title='bbox 1234 5513 1363 5574; x_wconf 72' lang='lat' dir='ltr'><strong>dediscas,</strong></span> 
     </span>
     <span class='ocr_line' id='line_1_46' title="bbox 643 5598 1293 5661; baseline 0.011 -16"><span class='ocrx_word' id='word_1_445' title='bbox 643 5603 709 5646; x_wconf 84' lang='lat' dir='ltr'><strong>sorta</strong></span> <span class='ocrx_word' id='word_1_446' title='bbox 727 5611 792 5646; x_wconf 86' lang='lat' dir='ltr'><strong>nova</strong></span> <span class='ocrx_word' id='word_1_447' title='bbox 810 5598 883 5647; x_wconf 88' lang='lat' dir='ltr'><strong>fortia</strong></span> <span class='ocrx_word' id='word_1_448' title='bbox 901 5599 995 5661; x_wconf 83' lang='lat' dir='ltr'><strong>pariter</strong></span> <span class='ocrx_word' id='word_1_449' title='bbox 1012 5613 1071 5648; x_wconf 88' lang='lat' dir='ltr'><strong>oum</strong></span> <span class='ocrx_word' id='word_1_450' title='bbox 1089 5605 1173 5649; x_wconf 85' lang='lat' dir='ltr'><strong>noster</strong></span> <span class='ocrx_word' id='word_1_451' title='bbox 1191 5600 1293 5661; x_wconf 63' lang='lat' dir='ltr'><strong>lingua·</strong></span> 
     </span>
     <span class='ocr_line' id='line_1_47' title="bbox 643 5685 1329 5747; baseline 0.004 -16"><span class='ocrx_word' id='word_1_452' title='bbox 643 5691 724 5733; x_wconf 83' lang='lat' dir='ltr'><strong>castra</strong></span> <span class='ocrx_word' id='word_1_453' title='bbox 743 5686 806 5745; x_wconf 76' lang='lat' dir='ltr'><strong>gerit</strong></span> <span class='ocrx_word' id='word_1_454' title='bbox 824 5691 964 5747; x_wconf 78' lang='lat' dir='ltr'><strong>gentesque</strong></span> <span class='ocrx_word' id='word_1_455' title='bbox 983 5685 1051 5734; x_wconf 86' lang='lat' dir='ltr'><strong>feras</strong></span> <span class='ocrx_word' id='word_1_456' title='bbox 1069 5685 1101 5735; x_wconf 89' lang='lat' dir='ltr'><strong>da</strong></span> <span class='ocrx_word' id='word_1_457' title='bbox 1118 5687 1213 5735; x_wconf 88' lang='lat' dir='ltr'><strong>linibus</strong></span> <span class='ocrx_word' id='word_1_458' title='bbox 1231 5686 1329 5736; x_wconf 81' lang='lat' dir='ltr'><strong>Austri.</strong></span> 
     </span>
    </p>
   </div>
   <div class='ocr_carea' id='block_1_16' title="bbox 0 0 2278 6420">
    <p class='ocr_par' dir='ltr' id='par_1_16' title="bbox 0 0 2278 6420">
     <span class='ocr_line' id='line_1_48' title="bbox 0 0 2278 6420; baseline 0 0"><span class='ocrx_word' id='word_1_459' title='bbox 0 0 2278 6420; x_wconf 95' lang='lat' dir='ltr'><strong> </strong></span> 
     </span>
    </p>
   </div>
  </div>
 </body>
</html>
