4508 6434
734 431 962 488 lofluumuus
982 433 1052 488 LlB.
1073 433 1122 488 lv.
1143 434 1176 488 V.
1202 432 1270 496 um.

666 625 712 691 sic
734 630 826 710 pater
847 624 917 710 ipse
940 643 1018 690 suae
1041 643 1233 708 componens
1256 642 1374 687 cornua
1396 641 1523 707 pugnae

578 729 772 814 armipotens
794 729 921 796 medius
943 728 1103 813 componit
1125 727 1219 810 signa
1241 725 1416 806 lohannes,

579 833 691 898 ordine
715 840 830 899 cuncta
851 852 966 917 regens
988 850 1196 916 aequansque
1218 850 1276 914 per
1297 828 1428 912 agmina
1449 835 1580 894 turmas.

578 936 604 1002 it
625 937 709 1002 bene
732 955 813 1020 equo
835 935 977 1018 medius,
1003 935 1079 1001 totis
1102 940 1261 1019 pugnaret
1282 940 1318 998 ut
1339 931 1453 1012 armis,

578 1039 612 1104 in
635 1039 845 1123 manibusque
868 1039 935 1104 suis
958 1037 1048 1104 sortis
1070 1036 1207 1103 dictator
1229 1043 1264 1102 nt
1285 1042 1372 1103 esset

579 1164 669 1209 arma
691 1162 822 1209 movens
844 1141 967 1228 populi.
1013 1141 1115 1207 veluti
1137 1141 1309 1224 vigilanter
1331 1140 1480 1206 oberrant

579 1253 674 1313 cauta
696 1246 883 1313 reluctantis
905 1245 1013 1312 media
1033 1245 1117 1311 inter
1139 1265 1257 1310 cornua
1277 1244 1360 1310 tauri

579 1351 716 1430 lumina,
741 1351 980 1434 bellantemque
1001 1355 1116 1434 parant
1137 1369 1201 1432 qua
1223 1349 1370 1414 vulneret
1391 1348 1513 1414 hostem

580 1463 670 1541 parte
692 1473 858 1540 premens,
884 1454 1059 1537 dextroque
1081 1459 1164 1520 rotat
1184 1453 1341 1535 laevoque
1363 1451 1518 1533 minatur,

580 1558 714 1624 vulnera
735 1557 965 1641 congeminans
987 1556 1109 1622 variato
1131 1557 1264 1622 verbere
1286 1575 1399 1634 cornu,

580 1681 706 1745 quaque
728 1661 839 1726 iubent
860 1660 962 1742 oculi,
989 1660 1152 1744 configunt
1173 1679 1291 1726 cornua
1313 1660 1446 1724 vulnus:

580 1766 626 1832 sic
647 1765 734 1832 acies
757 1765 884 1846 ductor,
911 1764 1078 1850 perpensis
1100 1763 1245 1848 partibus
1267 1761 1397 1845 aequis,

578 1869 666 1935 bella
689 1868 796 1934 subire
817 1867 916 1934 iubet.
964 1867 1010 1932 sic
1032 1866 1246 1952 disponuntur
1267 1874 1299 1932 et
1321 1873 1389 1932 arte

579 1993 701 2056 organa
723 1973 847 2056 plectra
868 1971 960 2055 lyrae
982 1970 1095 2054 digitis
1117 1970 1277 2055 pulsanda
1299 1971 1453 2054 magistri.

578 2097 674 2161 quam
696 2082 804 2142 movet
824 2075 900 2156 ille,
926 2080 1019 2140 sonat
1041 2080 1188 2139 contactu
1210 2073 1317 2140 fistula
1338 2073 1438 2140 venti.

578 2202 641 2246 non
664 2179 819 2260 chordae,
845 2200 908 2245 nou
930 2198 1007 2244 aera
1029 2185 1176 2261 gemunt,
1203 2177 1235 2242 ni
1258 2185 1371 2263 sponte
1393 2179 1535 2263 regentis

578 2284 719 2350 carmina
741 2282 903 2369 percussis
926 2289 1075 2348 resonent
1096 2302 1252 2366 expressa
1273 2282 1397 2348 cicutis.

577 2409 641 2454 non
663 2387 758 2453 aliter
778 2386 867 2453 iussu
890 2386 1029 2452 ductoris
1052 2392 1167 2452 ennete
1189 2393 1332 2452 movetur

578 2490 726 2558 discretis
748 2490 835 2557 acies
859 2509 1049 2556 concurrens
1071 2489 1183 2555 ordine
1205 2489 1318 2572 signis.

663 2595 791 2661 iunctus
814 2600 884 2660 erat
906 2594 999 2660 lateri
1022 2593 1117 2659 claris
1140 2593 1328 2658 Recinarins
1351 2595 1448 2660 armis

578 2699 708 2784 fulgens
731 2705 763 2764 ct
785 2697 918 2784 paribus
941 2697 1116 2783 disponens
1138 2695 1269 2781 agmina
1292 2698 1393 2778 curis,

578 2803 649 2888 ipse
671 2803 778 2869 animo
800 2809 926 2868 matura
947 2819 1081 2885 gerens,
1107 2801 1267 2885 gravitate
1288 2801 1468 2882 modestus,

579 2905 821 2990 magnanimus,
848 2904 950 2987 mitis,
977 2905 1123 2989 sapiens,
1150 2903 1358 2983 fortissimus,
1385 2905 1512 2990 insons,

578 3011 790 3096 armipotens,
816 3009 894 3075 belli
917 3007 1052 3075 domitor
1074 3008 1226 3093 pacisque
1248 3007 1409 3090 minister,

579 3115 674 3181 corde
696 3113 847 3196 humilis,
873 3111 959 3197 quod
981 3111 1127 3178 Christus
1149 3117 1254 3192 amat,
1280 3111 1399 3197 pietate
1422 3113 1600 3198 benignus,

580 3216 688 3301 etqui
711 3216 830 3302 dignus
853 3227 923 3282 erat
943 3215 1001 3282 tali
1023 3234 1195 3301 properare
1218 3215 1385 3300 magistro.

580 3341 712 3408 corpore
735 3341 809 3388 narn
831 3320 977 3405 geminos
999 3319 1107 3385 anima
1128 3318 1262 3385 iunxere
1284 3320 1344 3385 sub
1367 3340 1431 3386 uua

579 3446 643 3492 non
664 3431 778 3491 natura
799 3443 934 3510 parcns,
960 3422 1077 3490 summi
1099 3422 1158 3489 sed
1181 3422 1275 3507 signa
1297 3423 1434 3506 favoris,

580 3535 688 3595 castus
710 3549 815 3610 amor,
841 3527 962 3613 pictas,
988 3526 1132 3608 bonitas,
1160 3525 1338 3612 sapientia,
1363 3527 1474 3594 virtus.

580 3651 658 3716 ergo
679 3631 764 3697 inter
785 3631 911 3698 medias
934 3630 1021 3696 acies
1043 3631 1229 3716 praeclarus
1251 3637 1284 3698 et
1304 3630 1402 3696 armis

579 3736 648 3802 ibat
669 3755 769 3818 equo,
796 3740 828 3801 et
850 3734 978 3820 placido
1002 3733 1105 3800 socios
1127 3753 1273 3801 sermone
1296 3736 1456 3802 movebat.

665 3839 735 3924 ipso
758 3839 914 3924 dispositu
938 3838 1047 3904 felicia
1069 3836 1163 3921 signa
1185 3844 1349 3922 regentem

580 3943 692 4009 fortem
715 3943 829 4009 mirate
851 3949 900 4008 est
921 3942 1008 4007 acies
1029 3941 1161 4007 inimica
1183 3942 1369 4008 Iohannem.

578 4047 737 4113 bellorum
758 4052 793 4112 at
813 4045 962 4131 princeps
983 4053 1137 4111 nocturno
1159 4052 1301 4131 tempore
1324 4047 1437 4130 Ierua,

579 4149 737 4217 sollicitus
760 4150 861 4230 curis,
886 4168 994 4214 muros
1016 4169 1075 4233 per
1097 4156 1202 4214 castra
1224 4149 1358 4215 camelis

509 4335 515 4346 ι
579 4253 750 4332 construit,
776 4259 887 4318 octono
911 4252 1112 4318 circumdans
1135 4252 1246 4318 ordine
1269 4273 1428 4339 campum.

578 4356 655 4423 inde
677 4357 776 4422 boves
798 4355 920 4440 iungit,
946 4355 998 4421 bis
1020 4363 1110 4422 terno
1133 4376 1251 4422 cornua
1271 4377 1352 4441 gyro

580 4460 728 4527 cornibus
750 4466 820 4527 arte
842 4460 967 4544 ligans,
994 4467 1027 4526 et
1048 4461 1148 4525 multo
1171 4460 1307 4526 callidus
1330 4469 1401 4526 astu

579 4564 752 4650 implicitas
775 4583 880 4630 errore
903 4569 996 4649 parat
1018 4584 1076 4649 per
1097 4563 1193 4642 devia
1215 4562 1363 4646 fraudes,

580 4673 673 4734 notus
696 4674 731 4732 ut
751 4666 829 4733 inde
852 4668 964 4733 volans
988 4673 1094 4733 currat
1114 4687 1173 4752 per
1194 4667 1316 4752 proelia
1338 4669 1485 4748 Maurus,

579 4771 791 4855 ignarumque
813 4779 938 4856 premat
959 4770 1128 4837 subeuntis
1151 4777 1257 4836 castra
1279 4791 1337 4855 per
1357 4770 1446 4856 ipsas

580 4874 718 4942 insidiae
741 4874 860 4940 formas
883 4873 1003 4940 infensi
1025 4873 1137 4940 militis
1160 4894 1288 4958 agmen.

580 4999 644 5044 non
667 4977 895 5063 Labyrintheis
917 4978 1037 5044 Minoia
1059 4998 1135 5043 cura
1157 4978 1289 5044 latebris

580 5081 716 5149 flexerat
736 5082 895 5167 aucipites
917 5081 1015 5147 lautis
1038 5081 1235 5148 anfractibus
1258 5084 1369 5163 orbes,

581 5185 782 5271 distorquens
805 5205 910 5252 errore
933 5185 1020 5268 vias,
1047 5207 1127 5270 quas
1150 5186 1289 5254 callidus
1311 5195 1378 5254 arte

200 5311 292 5319 .-.,.—..,
306 5315 317 5318 -
332 5315 398 5319 -..
466 5314 513 5319 —..

264 5361 313 5412 567
333 5363 353 5411 lt
363 5364 427 5411 bene
439 5376 504 5426 equo
516 5364 611 5425 scripsi,
632 5368 658 5410 st
669 5362 732 5410 boue
744 5361 804 5424 quid
820 5359 849 5422 T,
870 5368 896 5409 ct
907 5363 972 5410 bene
983 5363 1040 5422 qula
1054 5361 1132 5412 Mass.
1240 5361 1288 5411 568
1308 5364 1361 5410 suis
1379 5363 1450 5412 sortis
1465 5364 1554 5426 Mosa,
1574 5369 1612 5414 sui
1632 5368 1704 5416 lortis
1720 5369 1748 5430 T,
1769 5372 1822 5419 auls

194 5449 276 5498 omols
288 5451 424 5512 aquiritur
528 5448 577 5498 574
596 5448 733 5511 quoqnei'
829 5448 1010 5510 confinguntT
1109 5447 1158 5497 578
1177 5449 1477 5509 uentchlrle.,uentoT
1573 5451 1622 5500 583
1641 5454 1714 5502 cleris
1729 5455 1757 5514 Τ,
1771 5457 1821 5503 elr-

194 5537 305 5595 ruslcplt
319 5534 396 5584 Muza.
468 5533 637 5584 rlrlnnlusl'
718 5532 768 5584 589
782 5534 982 5597 propiarellnsr.
1055 5534 1440 5596 591nrtnraMm.,nostraT
1511 5537 1694 5600 595dlspositrr
1710 5541 1821 5604 Lucum,

194 5620 315 5684 disposlto
338 5622 358 5669 l*
460 5621 511 5673 596
528 5624 617 5671 fortem
636 5622 724 5671 mirate
741 5621 829 5679 Balad„
855 5622 942 5670 sortem
963 5628 1084 5670 maturata
1107 5622 1133 5682 Τ,
1161 5623 1263 5670 forsitan
1283 5623 1377 5670 intuite
1396 5622 1472 5672 Mass.
1580 5623 1629 5673 597
1650 5626 1769 5675 bellorum
1793 5625 1821 5691 T,

194 5706 336 5756 Maurorum
350 5707 429 5759 Mosa.
518 5707 565 5758 tol
587 5707 717 5757 culldusl'
804 5707 855 5755 603
874 5707 1002 5767 utBelrlr.,
1023 5709 1086 5756 etT
1171 5708 1350 5768 curram,
1372 5709 1483 5756 currltl'
1570 5709 1620 5759 tot
1639 5715 1731 5773 premit
1745 5713 1821 5762 illota.

194 5793 245 5844 606
263 5795 425 5844 laberinttcls
447 5793 467 5842 Τ

1581 5883 1594 5932 7
1603 5881 1618 5914 s
