4508 6434
1193 434 1342 491 CORIPPI

843 627 1029 708 Guntaritb,
1056 626 1209 692 Armenia
1230 625 1328 692 iacuit
1349 625 1404 708 qui
1426 647 1465 690 ex
1489 625 1589 690 caede
1611 625 1761 689 volutus?

842 751 949 797 nonne
971 731 1085 816 epulas
1106 730 1190 796 inter
1210 729 1262 795 vel
1286 728 1388 795 festae
1411 729 1526 814 pocula
1547 747 1678 794 mensae

844 834 980 901 exsolvit
1001 833 1133 900 meritas
1154 855 1211 921 pro
1233 833 1334 900 fracto
1356 833 1485 900 loedere
1507 839 1649 918 poenas?

843 938 920 1022 quid
943 937 1079 1003 Stutiam
1101 937 1238 1004 referam
1260 938 1448 1022 profugum,
1473 942 1520 1002 tot
1540 936 1684 1021 partibus
1706 934 1793 1001 orbis

843 1048 1019 1123 errantem,
1047 1041 1123 1108 dnm
1145 1042 1247 1107 multa
1269 1040 1372 1126 cupit,
1399 1040 1476 1106 dum
1497 1060 1582 1105 vana
1604 1038 1752 1123 requirit,

842 1165 957 1211 nomen
979 1145 1104 1211 habere
1120 1145 1232 1211 volens
1253 1145 1370 1210 iniusto
1393 1144 1495 1210 Marte
1516 1143 1667 1228 tyranni?

843 1268 923 1334 quas
946 1248 1068 1333 Libyae
1091 1249 1219 1330 clades,
1246 1267 1324 1333 quos
1346 1248 1496 1332 gentibus
1518 1247 1574 1313 ille
1597 1247 1720 1313 furores

843 1352 986 1418 addidit!
1035 1359 1092 1418 aut
1113 1358 1231 1436 quanto
1252 1351 1427 1417 maculavit
1448 1350 1604 1434 sanguine
1627 1350 1761 1416 ferrum!

843 1456 966 1522 tardius
987 1456 1045 1522 ille
1066 1455 1159 1538 licet,
1185 1454 1285 1540 digna
1307 1455 1365 1520 sed
1388 1460 1487 1520 morte
1509 1460 1693 1540 peremptus

735 1583 747 1619 s
844 1559 1008 1641 occubuit,
1035 1558 1216 1643 crimenque
1238 1559 1333 1625 simul
1355 1578 1538 1644 poenasque
1561 1558 1742 1642 resumpsit.

843 1663 974 1730 cernitis
996 1683 1090 1748 ergo,
1116 1663 1194 1745 viri,
1221 1669 1373 1747 qnantum
1396 1662 1524 1728 fortuna
1545 1661 1669 1728 laboret

843 1765 1039 1853 principibus
1061 1787 1189 1833 servare
1211 1766 1327 1845 fidem,
1353 1773 1569 1851 quantumque
1592 1767 1733 1832 secundo

843 1872 944 1936 Marte
965 1877 1059 1955 gerat
1079 1877 1178 1936 toturn
1202 1871 1352 1937 Romanis
1376 1870 1512 1936 subdere
1534 1870 1698 1938 mnndum.

844 1994 920 2058 ergo
942 1973 1046 2058 agite,
1073 1981 1105 2040 et
1126 1974 1205 2039 belli
1227 1974 1305 2040 socii
1328 1973 1477 2058 civesque
1499 1973 1629 2054 fideles,

842 2077 974 2162 pandite
996 2077 1130 2161 quisquc
1153 2096 1230 2142 suas
1252 2076 1286 2143 in
1308 2083 1419 2162 aperta
1440 2075 1584 2163 pericula
1605 2077 1708 2160 vires,

843 2183 985 2246 Romano
1008 2180 1049 2246 de
1071 2200 1158 2246 more
1179 2179 1242 2266 pii,
1268 2186 1444 2264 gentesque
1465 2181 1626 2264 malignas

842 2283 991 2369 rumpite.
1037 2289 1230 2368 cognoscant
1252 2283 1361 2369 populi
1383 2304 1539 2368 regesque
1562 2284 1702 2367 subacti,

843 2408 926 2470 quac
948 2389 1044 2454 rebus
1066 2388 1166 2454 virtus
1189 2396 1221 2454 ct
1244 2408 1326 2472 quae
1349 2387 1392 2453 sit
1412 2387 1517 2472 gloria
1538 2387 1572 2452 in
1593 2386 1703 2453 armis.

843 2491 979 2572 cernite,
1007 2493 1066 2557 snb
1088 2492 1216 2575 quantis
1237 2491 1366 2557 iaceant
1386 2511 1470 2556 nnnc
1492 2491 1586 2574 signa
1607 2491 1754 2575 periclis,

735 2643 740 2656 .
844 2602 876 2661 et
897 2594 1049 2679 vigilate,
1075 2595 1146 2659 viri.
1193 2594 1309 2660 mediis
1330 2595 1466 2662 tentoria
1487 2594 1608 2661 Mauris

844 2699 1015 2765 vallantur.
1063 2699 1181 2765 virtute
1204 2699 1292 2766 salus
1315 2697 1489 2782 gladioque
1511 2698 1651 2784 petendu
1673 2704 1733 2764 est.

844 2803 1028 2869 coniunctos
1051 2802 1145 2868 lateri
1166 2809 1273 2868 nostro
1295 2821 1375 2884 quos
1397 2801 1503 2868 credis
1524 2802 1646 2868 amicos

843 2914 1037 2992 pacatosque
1059 2912 1171 2991 putas,
1198 2925 1275 2971 casu
1298 2906 1504 2991 speculantur
1524 2905 1559 2971 in
1581 2905 1652 2971 isto.

844 3008 994 3076 sivictor
1014 3011 1176 3075 Romanus
1199 3009 1275 3090 erit,
1302 3009 1515 3091 famulantur,
1541 3007 1694 3092 adorant,

844 3121 875 3181 et
897 3114 967 3180 sola
988 3113 1047 3178 hos
1069 3112 1167 3180 faciet
1187 3112 1301 3179 victrix
1323 3112 1450 3178 fortuna
1472 3112 1585 3179 fideles

843 3224 1078 3302 conceptusque
1100 3217 1205 3283 timor.
1252 3236 1337 3283 nunc
1359 3237 1443 3282 nnnc
1464 3215 1638 3300 insurgite,
1665 3216 1763 3283 cives.

843 3322 924 3387 haec
946 3328 1012 3404 est,
1039 3341 1122 3405 quae
1144 3321 1290 3405 geminas
1312 3321 1440 3404 franget
1460 3320 1593 3386 victoria
1615 3328 1733 3406 partes.

843 3424 877 3489 bi
898 3423 1008 3508 gladio
1030 3432 1179 3510 pereant,
1206 3425 1264 3490 bos
1286 3424 1387 3490 virtus
1409 3430 1529 3489 terreat
1550 3424 1670 3490 hostes.

843 3528 903 3610 ite,
930 3527 1045 3608 duces,
1071 3548 1283 3612 numerosque
1306 3527 1385 3593 locis
1408 3528 1585 3612 componite
1609 3527 1726 3593 vestris

735 3677 739 3692 .
844 3630 980 3715 quisque
1003 3649 1087 3696 suos.
1134 3631 1270 3717 propriis
1292 3629 1444 3697 incedant
1465 3630 1559 3714 signa
1581 3631 1748 3716 maniplis,

845 3741 878 3801 et
898 3735 980 3800 bene
1002 3734 1198 3819 compositas
1221 3734 1308 3800 acies
1329 3734 1364 3799 in
1386 3735 1509 3819 proelia
1531 3734 1638 3800 lertc'.

930 3837 1071 3920 dixerat,
1098 3844 1131 3903 et
1152 3839 1237 3903 saltu
1259 3857 1332 3904 sese
1355 3856 1451 3922 super
1472 3837 1574 3902 ardua
1596 3843 1688 3921 terga

844 3941 1021 4026 composuit
1043 3942 1189 4008 sublatus
1210 3941 1295 4026 equi.
1343 3960 1478 4007 sonuere
1500 3940 1632 4008 verendi

843 4066 934 4111 arma
955 4044 1033 4127 riri,
1060 4045 1225 4128 caesisque
1247 4064 1329 4110 novo
1353 4044 1522 4130 splendore
1544 4064 1716 4110 coruscans

734 4177 739 4208 ι
844 4149 910 4215 sole
933 4167 1120 4234 repercusso
1142 4148 1250 4214 radios
1272 4147 1305 4214 in
1327 4147 1450 4214 lumina
1472 4146 1576 4228 misit,

843 4253 1023 4336 loricaeque
1045 4251 1139 4317 iubar
1160 4253 1289 4318 rutilum
1317 4273 1374 4337 per
1395 4259 1502 4318 castra
1524 4251 1672 4317 cucurrit.

842 4377 906 4422 non
927 4356 1022 4422 aliter
1043 4356 1146 4422 nubes
1169 4359 1310 4422 convexo
1334 4355 1478 4439 margine
1500 4355 1585 4420 caeli

842 4481 1002 4526 murmure
1024 4467 1110 4526 mota
1132 4479 1228 4540 novo,
1255 4460 1395 4526 medium
1419 4459 1495 4524 dum
1517 4458 1621 4542 tangit
1642 4445 1834 4544 Olympum,

841 4563 966 4630 intonat
988 4571 1020 4630 ct
1042 4563 1146 4630 subito
1169 4563 1315 4629 flammas
1337 4584 1396 4650 per
1417 4563 1528 4629 nubila
1549 4562 1664 4628 vibrat.

842 4673 918 4734 tunc
939 4686 1050 4733 omnes
1073 4669 1200 4734 saluere
1223 4668 1321 4734 duces
1344 4686 1516 4750 omnesque
1538 4666 1667 4732 tribuni.

842 4778 915 4857 post
935 4771 1061 4837 imitata
1083 4772 1194 4837 cohors
1215 4770 1334 4836 validis
1355 4770 1510 4836 incumbit
1531 4770 1565 4835 in
1586 4769 1688 4836 hastis

842 4875 1131 4961 quadrupedesque
1152 4875 1278 4960 premit.
1326 4873 1448 4939 saliens
1471 4874 1691 4959 superandus
1714 4874 1792 4940 celsi

779 5011 781 5018 >
843 4979 926 5044 colla
947 4985 1086 5045 retentat
1108 4979 1193 5062 equi.
1240 4979 1369 5064 sonipes
1392 4977 1478 5042 celer
1499 4997 1637 5061 aequore
1660 4983 1725 5044 toto

843 5089 1008 5168 oppugnat
1029 5080 1144 5162 frenis,
1172 5080 1286 5147 dextra
1307 5082 1465 5164 laevaque
1487 5101 1544 5166 per
1567 5080 1683 5146 herbas

699 5209 746 5248 uro
844 5185 1027 5252 subsiliens.
1075 5185 1220 5270 colloque
1242 5203 1355 5250 manus
1379 5184 1455 5250 dum
1477 5184 1576 5250 sentit
1597 5183 1734 5267 heriles,

843 5289 964 5374 gaudet
986 5289 1073 5356 etin
1096 5289 1179 5355 latos
1202 5290 1340 5356 luctatur
1361 5301 1486 5355 currere
1508 5307 1648 5373 campos.

524 5519 574 5569 427
593 5521 695 5569 snsteT
792 5519 842 5568 434
860 5523 938 5566 marte
950 5515 1123 5579 perhenmos
1222 5516 1271 5566 435
1289 5514 1440 5565 incubultT
1538 5514 1589 5565 446
1607 5516 1711 5562 uirosT
1807 5514 1857 5564 443
1875 5517 1902 5563 ln
1915 5517 1994 5564 ermis
2012 5523 2023 5566 l
2039 5535 2088 5580 m.,

456 5609 541 5655 martis
560 5609 576 5654 9
592 5624 627 5658 m.
652 5607 672 5654 T
785 5604 835 5654 444
854 5605 936 5653 oculte
956 5603 977 5650 Τ
1080 5604 1177 5652 iaceant
1195 5604 1280 5664 Belclc„
1301 5604 1395 5651 iactant
1414 5603 1435 5650 T
1547 5601 1596 5650 447
1615 5602 1743 5650 coniuncti
1763 5600 1841 5648 linas.
1958 5602 2012 5653 452
2031 5607 2089 5653 uir-

454 5693 648 5754 toriapartnsl'
742 5691 792 5740 454
809 5692 894 5740 lucil*
987 5689 1033 5740 461
1055 5691 1196 5738 cocurrit'P
1290 5689 1339 5739 465
1359 5691 1454 5738 saluere
1470 5690 1553 5751 Belle,
1569 5689 1697 5736 siluere?
1792 5687 1842 5737 466
1861 5687 1957 5737 ualidus
1970 5691 2050 5742 Reos.

454 5780 539 5828 hastas
557 5779 631 5828 Bella
737 5778 786 5828 467
806 5791 883 5840 snper
902 5777 1043 5835 Memorem,
1065 5791 1120 5842 pars
1143 5777 1164 5828 Τ
1265 5777 1312 5828 471
1333 5777 1443 5825 luctatur
1461 5776 1546 5840 ectu,
1561 5776 1656 5824 luctatu
1678 5775 1705 5835 Τ,
1725 5776 1831 5826 laetatur
1849 5772 1928 5826 Mum.
