4462 6436
1231 416 1380 474 CORIPPI

885 607 1015 673 ‘duram
1039 630 1103 674 renr
1127 608 1253 693 petitis,
1280 608 1460 690 frustraque
1481 607 1625 686 instatis,
1651 605 1757 672 amici.

775 730 785 766 ·›
881 731 957 793 ergo
979 712 1181 797 superposita
1202 718 1298 797 caput
1319 712 1379 776 boc
1400 712 1519 776 ornabo
1542 730 1671 792 corona,

881 816 1009 895 quando
1031 815 1186 880 Iustinum
1208 815 1331 881 tristem
1353 814 1445 880 decet
1466 820 1561 880 esse?
1578 835 1644 899 per
1665 815 1771 879 orbem

880 916 956 982 llere
978 919 1066 984 libet.
1115 925 1236 1002 patrem
1260 939 1311 984 res
1334 918 1463 1003 publica
1485 917 1590 1002 perdit
1611 924 1644 982 et
1665 916 1767 997 orbis,

880 1041 942 1084 non
965 1021 1137 1088 dominnm.
1184 1042 1278 1105 quem
1300 1042 1363 1087 non
1385 1022 1545 1088 bominem
1568 1021 1686 1106 pietate
1709 1020 1849 1102 benigna

880 1126 1050 1206 continuit,
1069 1125 1170 1210 -iorit,
1196 1127 1336 1209 monuit,
1361 1125 1507 1207 nutrivit,
1533 1125 1672 1190 amavit?

881 1235 1041 1293 ettamen
1063 1228 1199 1295 innocuo
1222 1230 1331 1314 plures
1354 1230 1483 1294 voluere
1505 1247 1632 1293 nocere.

881 1351 944 1396 non
965 1339 1053 1397 caret
1073 1333 1196 1398 invidia
1218 1333 1310 1416 regni
1332 1334 1433 1398 locus.
1479 1332 1532 1397 ibo
1554 1338 1704 1416 paternas

880 1435 979 1500 tristis
1001 1436 1034 1500 in
1056 1436 1226 1520 exequias:
1252 1436 1377 1519 regalia
1398 1436 1492 1518 signa
1513 1438 1650 1500 recuso’.
1716 1427 1718 1432 ’

966 1539 1044 1604 talia
1066 1539 1202 1605 dicentis
1224 1540 1360 1624 pedibus
1382 1546 1541 1624 prostrata
1562 1539 1733 1621 iacensque

881 1642 983 1706 omnis
1005 1643 1098 1707 turba
1120 1642 1214 1707 simul
1242 1643 1332 1727 ‘pius
1355 1662 1408 1722 es,
1435 1642 1599 1707 miserere'
1623 1649 1749 1726 perorat

756 1763 786 1802 1⁵
885 1745 1117 1830 ‘supplicibus‚
1143 1745 1193 1811 vir
1216 1753 1341 1827 sancte,
1368 1746 1447 1812 tuis:
1476 1765 1623 1810 succurre
1647 1745 1786 1828 periclis.

880 1849 987 1913 omnia
1008 1870 1081 1913 mox
1105 1849 1252 1914 veniente
1275 1849 1327 1914 die
1349 1849 1483 1934 periisse
1507 1841 1650 1932 videbis,

881 1952 909 2016 si
931 1972 1065 2017 vacuam
1089 1953 1205 2036 vulgus
1229 1953 1298 2018 sine
1321 1953 1463 2037 principe
1487 1952 1622 2018 senserit
1643 1953 1762 2017 aulam.

881 2063 1170 2138 quantumcumque
1193 2057 1267 2121 boni
1290 2065 1417 2122 moueat
1437 2056 1566 2121 dilectio
1588 2056 1704 2141 patris,

881 2180 943 2223 non
967 2160 1008 2224 sit
1029 2180 1118 2224 amor
1139 2160 1262 2244 patriae
1285 2160 1387 2244 patrio
1409 2160 1522 2225 minor.
1569 2160 1638 2244 ipse
1660 2167 1768 2224 tenere

881 2271 1007 2347 sceptra
1028 2271 1102 2348 tuus
1123 2263 1262 2328 moriens
1284 2271 1315 2328 te
1338 2263 1433 2328 iussit
1454 2264 1631 2328 avunculus
1653 2283 1718 2328 ore.

882 2367 989 2451 aspice
1012 2373 1132 2448 quanta
1154 2366 1215 2432 fuit
1237 2375 1363 2433 nostrae
1386 2367 1481 2432 simul
1505 2367 1592 2432 urbis
1614 2373 1647 2431 et
1668 2366 1753 2431 orbis

882 2470 1015 2555 provida
1038 2490 1114 2536 cura
1137 2471 1218 2536 seni.
1264 2477 1373 2555 prote
1396 2470 1477 2536 deus
1499 2470 1606 2535 omnia
1629 2469 1719 2551 fecit,

882 2595 965 2657 quae
987 2573 1056 2640 fieri
1080 2575 1189 2640 voluit.
1238 2574 1353 2639 solium
1375 2573 1553 2640 conscende
1577 2580 1759 2659 paternum,

883 2684 915 2743 et
937 2698 1012 2760 rege
1035 2678 1230 2761 subiectum,
1256 2677 1406 2762 princeps
1430 2677 1618 2758 fortissime,
1644 2676 1806 2742 mnndum.

775 2801 787 2837 τι
883 2800 982 2846 aurea
1003 2788 1153 2847 nascetur
1175 2782 1265 2847 vobis
1288 2781 1497 2864 regnantibus
1519 2787 1627 2863 aetas,
1736 2779 1737 2782 ’

883 2903 942 2948 nec
965 2893 1091 2950 mutans
1114 2885 1259 2950 dominos
1282 2886 1425 2950 Romana
1447 2883 1608 2950 videbitur
1630 2884 1730 2948 aula'.

970 2988 1101 3053 vocibus
1122 2989 1173 3054 bis
1195 2988 1298 3078 llexus
1321 2990 1419 3055 cessit
1440 2988 1585 3053 tandem:
1612 2987 1675 3051 itur
1696 2986 1728 3052 in
1751 3006 1856 3051 arcem

886 3092 1039 3173 obsequio
1063 3093 1233 3158 comitante
1254 3101 1392 3178 patrum.
1438 3091 1623 3175 gratissima
1645 3090 1759 3154 coniux

884 3196 1102 3280 subsequitur,
1129 3217 1190 3261 non
1214 3204 1289 3262 tune
1312 3197 1404 3261 solito
1427 3196 1546 3281 stipata
1566 3195 1715 3261 tumultu.

883 3299 1035 3364 incedunt
1055 3300 1163 3365 media
1185 3320 1330 3365 securam
1352 3308 1443 3364 nocte
1466 3319 1523 3384 per
1544 3299 1655 3364 orbem

885 3401 987 3468 fronte
1010 3424 1121 3487 parum
1144 3403 1238 3483 laeti,
1265 3403 1412 3486 quamvis
1434 3403 1595 3486 gaudente
1619 3391 1744 3466 senatu¹

884 3506 1051 3590 imperium
1074 3514 1234 3592 peterent,
1260 3527 1451 3589 quamquam
1475 3506 1581 3570 omnia
1602 3511 1672 3570 tuta
1694 3504 1849 3568 viderent.

885 3609 1003 3674 divinis
1027 3610 1142 3674 animis
1162 3610 1268 3675 inerat
1290 3610 1380 3674 dolor
1401 3610 1457 3674 ille
1480 3608 1633 3694 parentis.

885 3720 959 3778 ante
981 3713 1051 3797 pios
1073 3714 1181 3778 oculos
1204 3713 1290 3779 mitis
1313 3721 1458 3778 versatur
1479 3713 1596 3795 imago.

777 3837 789 3874 s
884 3815 943 3880 illa
964 3822 1070 3881 movet
1091 3823 1245 3898 mentem,
1272 3817 1460 3901 penitusque
1484 3815 1516 3880 in
1538 3822 1665 3899 pectore
1687 3820 1819 3895 utroque

884 3919 1023 3983 indivisa
1044 3940 1177 3984 manens
1199 3920 1253 4004 pia
1275 3919 1554 3985 numinenumine
1578 3917 1724 4002 complet.

970 4022 1068 4087 limen
1090 4034 1125 4088 ut
1146 4024 1312 4106 Augustae
1335 4042 1424 4088 sacro
1447 4023 1529 4107 pede
1552 4021 1684 4104 contigit
1705 4021 1815 4100 aulae,

885 4126 990 4190 omnia
1011 4126 1169 4209 gallorum
1193 4133 1394 4211 strepuerunt
1416 4126 1556 4191 culmina
1578 4131 1683 4190 cantu.

885 4237 1030 4294 exactam
1052 4238 1176 4295 noctem
1199 4230 1292 4316 primi
1315 4249 1443 4296 sensere
1466 4230 1628 4310 volucres,

885 4340 917 4397 et
939 4334 1058 4397 laetum
1082 4334 1226 4398 cecinere
1249 4332 1349 4413 diem,
1376 4334 1563 4414 alarumque
1585 4332 1703 4397 dedere

884 4436 1051 4519 plausibus
1073 4437 1219 4502 adsiduis
1242 4446 1275 4502 et
1295 4443 1391 4502 acuta
1412 4457 1490 4502 voce
1512 4436 1664 4500 torrorem.

901 4551 904 4560 “
971 4540 1124 4605 excubiae
1146 4540 1298 4624 primurn,
1325 4559 1407 4621 quae
1431 4560 1556 4606 summa
1577 4539 1698 4624 palatia
1719 4544 1862 4616 servant,

884 4643 1051 4729 imperium
1074 4643 1154 4708 felix
1177 4643 1314 4707 dominis
1335 4643 1527 4708 intrantibus
1550 4649 1675 4728 optant,

885 4755 918 4812 et
939 4755 1067 4812 cunctos
1088 4746 1196 4812 aditus
1218 4753 1339 4811 armato
1361 4746 1461 4811 milite
1484 4747 1622 4827 vallant,

885 4871 925 4916 ne
948 4851 1020 4933 quis
1042 4850 1076 4914 in
1099 4850 1276 4942 Augustam
1300 4849 1475 4915 contrarius
1498 4848 1616 4914 audeat
1638 4849 1744 4914 aulam

884 4954 1043 5020 insensum
1067 4954 1208 5019 conferre
1231 4953 1356 5038 pedem.
1404 4952 1531 5018 devotio
1554 4959 1644 5018 tanta

884 5065 980 5140 atque
1003 5057 1165 5122 hominum
1189 5058 1314 5122 cautela
1336 5056 1397 5122 fuit
1419 5057 1594 5139 sollersque
1617 5057 1769 5120 bonorum

884 5160 1066 5226 sollicitudo
1087 5167 1222 5245 patrum.
1269 5181 1344 5226 nam
1366 5160 1437 5243 quis
1459 5165 1629 5245 temptaret
1650 5159 1781 5242 obesse,

570 5409 615 5458 llil
635 5411 711 5458 anribl
732 5409 757 5455 M
881 5407 927 5456 lot
946 5419 1001 5452 esse
1020 5418 1064 5467 per
1081 5405 1166 5452 orbern
1187 5403 1220 5462 M,
1241 5419 1296 5453 essa
1315 5410 1385 5467 patre
1403 5405 1487 5452 orbum
1507 5402 1592 5464 narn,
1613 5418 1648 5452 nn
1665 5417 1762 5452 cerrum
1780 5407 1859 5452 totum
1876 5405 1993 5463 rpurlmu
2011 5408 2126 5462 cuderet.

498 5497 622 5556 ruentium,
642 5511 706 5544 esre.
727 5502 821 5557 patratu
840 5496 905 5543 orbis
925 5495 998 5554 Fopq.
1115 5491 1160 5538 llll
1179 5492 1263 5552 perdit
1281 5499 1306 5538 et
1326 5490 1361 5551 M,
1382 5490 1492 5552 perdidit
1510 5491 1585 5550 Fopy.
1695 5489 1742 5538 1711
1760 5490 1855 5552 perisse
1875 5487 1903 5534 M
2015 5492 2063 5540 Ιῑῖ
2084 5509 2128 5541 ιη.

499 5597 572 5644 quam
595 5582 621 5628 Μ
726 5581 774 5630 tls
793 5583 890 5628 mobeat
910 5579 937 5626 Μ
1043 5578 1090 5627 1711
1109 5578 1189 5625 terreri
1209 5575 1237 5623 Μ
1340 5576 1388 5625 186
1407 5577 1507 5624 uidetur
1527 5574 1554 5622 Μ
1659 5575 1706 5623 189
1724 5577 1797 5623 solita
1818 5579 1828 5622 1
1848 5589 1895 5634 m.,
1916 5577 1992 5625 solito
2011 5584 2028 5630 9
2046 5595 2082 5630 m.
2104 5579 2130 5626 M

502 5668 548 5716 195
568 5675 650 5716 ruorret
671 5667 696 5713 M
802 5666 850 5716 1118
869 5666 978 5714 culmine
999 5663 1026 5711 M
1128 5662 1174 5711 201
1197 5663 1307 5710 adsiduis
1329 5667 1339 5710 1
1360 5679 1405 5724 m.,
1426 5662 1535 5709 assiduis
1553 5663 1569 5708 9
1586 5677 1620 5710 m.
1642 5661 1670 5708 M
1773 5661 1821 5712 2118
1841 5675 1898 5708 uam
1919 5662 1957 5723 Μ,
1978 5678 2031 5713 nen
2049 5667 2129 5713 l'oart

500 5755 568 5802 Loci.
588 5757 621 5802 68
725 5760 842 5800 temtaret
861 5751 890 5798 M
