4508 6434
1201 412 1349 469 0012112121

852 601 982 669 foedera
1004 623 1131 690 semper
1152 604 1280 669 habent.
1329 604 1397 668 has
1410 603 1505 668 motis
1527 602 1678 688 praecipe
1701 603 1811 668 cannis

852 710 885 772 et
905 705 1006 790 signis
1027 725 1198 792 properare
1220 705 1299 772 suis.
1345 706 1506 773 exereitus
1527 705 1630 772 omnis

852 809 1043 876 conveniens
1066 809 1114 876 sic
1134 816 1222 876 tutus
1244 809 1319 891 erit,
1345 809 1475 876 venalia
1495 809 1614 895 quippe
1656 867 1662 882 .

850 911 1017 979 inveniens
1039 933 1248 997 quaecuuque
1270 914 1365 980 volet.
1412 914 1564 999 pecuaria
1586 933 1694 980 seeum

850 1016 952 1081 multa
973 1016 1103 1082 trahunt
1123 1023 1248 1099 gentes.
1295 1016 1425 1083 venient
1446 1016 1489 1082 ad
1511 1017 1605 1083 litora
1627 1035 1752 1101 puppes

850 1123 883 1184 et
905 1119 1053 1185 Cererem
1075 1118 1300 1204 Bacchumque
1321 1119 1435 1187 ferent.
1482 1119 1546 1186 iam
1569 1128 1695 1205 tempus
1718 1127 1863 1205 apertum

849 1241 969 1304 aequor
989 1222 1097 1288 babet.
1144 1243 1280 1305 quassas
1303 1224 1496 1309 reparabunt
1517 1222 1649 1306 agmina
1670 1223 1772 1308 vires,

851 1325 1032 1410 oblitaeque
1055 1334 1158 1393 metus
1181 1328 1378 1394 renovabunt
1400 1327 1523 1412 proelia
1545 1330 1695 1393 turmae'.

935 1429 1102 1496 consilium
1124 1429 1263 1516 placuit:
1290 1430 1410 1515 fidique
1433 1430 1587 1514 magister
1610 1430 1704 1496 amici

849 1531 969 1618 optima
990 1533 1076 1600 dicta
1097 1541 1211 1600 teneus
1233 1536 1354 1601 celeres
1377 1535 1529 1601 mandata
1550 1535 1712 1601 ministros

741 1679 746 1692 ·
850 1637 933 1702 terre
954 1635 1043 1703 iubet
1065 1638 1197 1704 cunctis.
1246 1638 1375 1724 sonipes
1398 1639 1547 1705 discurrit
1568 1639 1688 1722 ubique

850 1739 989 1807 ductoris
1011 1750 1182 1828 praecepta
1204 1742 1327 1824 ferens,
1354 1750 1531 1828 gentesque
1554 1761 1691 1828 suosque

850 1843 1096 1930 praecipitanter
1116 1853 1226 1930 agunt.
1273 1846 1382 1912 nullus
1404 1846 1570 1931 perbelle
1592 1846 1740 1931 repulsus

850 1947 895 2013 sic
916 1949 1019 2033 potuit
1040 1970 1193 2016 renovare
1215 1951 1301 2016 celer
1322 1950 1392 2015 fera
1414 1949 1538 2035 proelia
1559 1949 1688 2034 ductor,

849 2049 951 2135 quivit
972 2058 1007 2117 ut
1028 2053 1179 2137 egregius
1200 2054 1350 2138 vigilanti
1372 2053 1467 2120 corde
1489 2054 1661 2120 Iohannes.

848 2176 911 2220 uon
932 2155 1024 2222 illum
1047 2156 1174 2223 fortuna
1195 2157 1281 2242 prior
1303 2159 1445 2224 Mavorte
1469 2157 1609 2223 secundo

848 2258 991 2325 inflatum
1015 2261 1138 2341 evexit,
1164 2282 1224 2328 nec
1246 2269 1321 2328 tunc
1343 2261 1501 2328 contraria
1523 2261 1635 2345 fregit,

849 2363 1013 2430 immotum
1035 2365 1151 2432 virtute
1175 2385 1253 2452 sua„
1291 2365 1354 2431 ianr
1378 2365 1503 2431 roscida
1525 2385 1661 2449 surgens

850 2467 977 2534 Oceano
999 2467 1125 2552 gelidas
1147 2468 1271 2534 Aurora
1293 2476 1471 2536 removerat
1493 2470 1633 2534 umbras.

849 2571 960 2637 ductor
982 2577 1018 2636 ut
1039 2572 1200 2638 albentem
1223 2573 1303 2638 vidit
1325 2593 1517 2656 consurgere
1539 2572 1662 2653 lucem,

741 2697 753 2732 ο
849 2674 929 2741 lavit
950 2675 1042 2758 aquis
1064 2676 1275 2759 geminasque
1297 2696 1411 2742 manus
1433 2677 1604 2760 vultusque
1627 2681 1776 2759 gerentes

848 2779 981 2863 pulvere
1005 2787 1167 2845 concretos
1189 2779 1338 2846 hesterno
1360 2781 1462 2845 Marte
1485 2779 1638 2865 capillos,

849 2881 1014 2966 oravitque
1036 2883 1142 2950 ferens
1165 2883 1281 2969 palmis
1303 2883 1385 2949 baec
1406 2884 1505 2950 verba
1527 2883 1662 2968 supinis.

853 2987 1067 3072 ‘omnipotens
1089 2988 1229 3072 genitor,
1255 2986 1356 3053 virtus
1380 2995 1412 3054 et
1434 2987 1538 3070 gloria
1560 3008 1681 3068 rerum,

848 3097 936 3156 certa
958 3091 1046 3156 salus
1067 3091 1241 3175 mundique
1264 3097 1367 3174 sator,
1394 3092 1456 3176 qui,
1470 3090 1600 3157 foedere
1623 3097 1708 3158 certo

849 3194 955 3259 omnia
977 3195 1150 3280 disponens
1173 3195 1333 3278 vertisque
1356 3196 1505 3279 regisque
1528 3196 1701 3278 movendo,

848 3305 992 3384 tempora
1013 3305 1194 3383 permutas,
1221 3319 1281 3364 nec
1302 3305 1335 3365 tu
1358 3299 1491 3365 mutaris
1513 3300 1546 3365 in
1568 3299 1646 3365 illis.

850 3407 998 3485 quattuor
1020 3402 1204 3487 explicitum
1227 3403 1358 3468 volvens
1381 3403 1585 3470 successibus
1608 3423 1744 3484 annum,

848 3505 899 3570 bis
922 3507 1072 3589 senisque
1095 3507 1180 3572 diem
1204 3507 1358 3572 claudens
1381 3507 1573 3591 aequalibus
1594 3506 1697 3588 boris,

849 3609 959 3676 ordine
982 3618 1096 3675 cuncta
1118 3630 1234 3694 novas,
1261 3632 1321 3676 nec
1343 3618 1377 3678 tu
1402 3610 1565 3676 renovaris
1587 3611 1628 3676 ab
1652 3611 1736 3692 ullo,

848 3713 934 3779 idem
957 3721 1066 3779 auctor
1087 3714 1296 3798 dominusque
1319 3733 1452 3780 manens
1474 3720 1506 3779 ct
1528 3713 1671 3779 eonditor
1694 3713 1790 3778 orbis.

849 3817 961 3900 credo,
988 3838 1111 3883 summe
1133 3826 1240 3902 pater,
1267 3825 1323 3883 tua
1346 3818 1387 3883 sit
1407 3818 1493 3901 quod
1515 3837 1634 3900 magna
1655 3823 1815 3902 potestas,

849 3927 880 3986 et
902 3921 1014 3986 fateor.
1061 3921 1196 3986 miseras
1218 3930 1331 4005 gentes
1354 3941 1413 3986 sua
1434 3920 1575 4006 pessima
1596 3919 1712 3985 fallunt

848 4025 979 4090 numina
1002 4045 1085 4108 quae
1108 4024 1251 4089 eredunt.
1300 4025 1455 4110 permittis
1477 4044 1574 4108 saepe
1597 4023 1724 4109 probari

847 4129 917 4213 ipse
939 4135 1028 4211 tuos,
1053 4128 1174 4212 pictate
1196 4135 1303 4194 tamen
1327 4129 1412 4194 celer
1434 4127 1531 4210 erigis
1554 4128 1650 4194 idem.

847 4231 1018 4318 appropia,
1044 4231 1203 4315 fessisque
1226 4232 1290 4296 tuis
1313 4232 1433 4298 solacia
1454 4239 1594 4317 praesta.

848 4335 935 4418 erige
959 4336 1119 4400 Romanas
1141 4335 1242 4414 acies,
1270 4341 1433 4420 prosterne
1457 4335 1612 4420 superbas

847 4439 1023 4524 Massylas,
1050 4459 1132 4523 quae
1154 4439 1242 4503 bella
1264 4438 1390 4516 volunt3
1417 4444 1607 4520 nostraeque
1630 4437 1757 4502 ruinae‘
1799 4437 1800 4440 ’

848 4543 983 4608 festinus
1006 4562 1169 4624 succurre,
1195 4562 1319 4628 precor,
1347 4548 1380 4606 et
1401 4542 1531 4606 consule
1553 4543 1680 4606 rector'·.

933 4644 1013 4710 haec
1034 4663 1129 4709 orans
1152 4645 1259 4710 vultus
1282 4644 1422 4709 lacrimis
1444 4643 1598 4729 implebat
1619 4642 1781 4708 inundans

847 4766 1020 4813 concussus
1041 4747 1161 4832 pietate
1184 4755 1291 4832 pater,
1317 4747 1502 4831 Libyaeque
1525 4746 1679 4832 periclum

847 4850 1002 4916 sollicitus
1023 4869 1164 4936 pensans
1186 4851 1362 4934 itemmque
1384 4850 1563 4934 iterumque
1585 4849 1744 4934 gemebat.

846 4955 898 5020 bie
920 4961 1012 5039 pater
1034 4954 1233 5040 omnipotens
1255 4954 1403 5020 lacrimas
1426 4961 1458 5020 et
1479 4955 1578 5020 verba
1600 4953 1738 5020 dolentis

848 5057 1045 5143 suscipiens,
1071 5059 1182 5124 Latias
1205 5058 1305 5124 voluit
1328 5059 1527 5124 revalescere
1550 5056 1644 5123 vires.

776 5243 778 5248 Ι
846 5161 1022 5228 adveniunt
1044 5162 1139 5244 socii,
1166 5163 1277 5228 Martis
1300 5181 1379 5247 quos
1401 5167 1567 5246 sparserat
1587 5163 1696 5227 horror

530 5407 563 5458 66
580 5423 711 5472 properare
729 5412 823 5470 scrtpst,
842 5408 938 5470 aperire
953 5406 982 5468 Τ,
1003 5421 1030 5456 se
1047 5407 1141 5469 aperire
1155 5404 1232 5457 Musa.
1326 5407 1443 5457 amnlsT
1547 5405 1580 5455 69
1599 5407 1688 5454 ueniet
1705 5405 1735 5454 ed
1754 5404 1863 5454 lltoreT
1971 5405 2003 5456 81
2025 5421 2088 5457 euc-

461 5496 501 5542 xlt
519 5495 605 5558 Βοὴ,
630 5496 718 5544 excxlt
738 5496 767 5554 Τ,
793 5497 876 5543 erexit
894 5493 973 5543 Mosa.
1113 5499 1173 5542 tunc
1194 5493 1223 5556 T,
1249 5507 1316 5542 nuno
1335 5493 1412 5544 Mum.
1554 5490 1586 5540 83
1605 5492 1739 5541 occlaulT
1877 5495 2090 5542 renouaueratT

462 5581 494 5629 85
519 5583 677 5644 geminisque
698 5582 719 5629 Τ
857 5581 891 5632 86
917 5581 1033 5629 hesterno
1053 5580 1146 5638 Musa,
1173 5581 1292 5629 cristerno
1314 5580 1334 5626 Τ
1473 5579 1504 5630 87
1523 5595 1614 5642 sup...
1638 5579 1673 5640 Τ,
1699 5580 1792 5627 litterae
1808 5591 1906 5638 pouces
1923 5593 2013 5628 erum
2030 5587 2090 5630 sunt

461 5665 492 5714 st
514 5668 600 5716 fallant
618 5669 704 5728 Beleia,
724 5668 813 5717 tullens
833 5668 863 5730 Τ,
884 5666 976 5715 fallunt
995 5666 1072 5715 Meae.
1179 5665 1212 5716 98
1230 5669 1331 5728 probare
1352 5668 1372 5713 Τ
1478 5666 1526 5716 106
1543 5669 1634 5716 iterum
1654 5663 1836 5727 iterumqueT
1945 5664 1993 5714 107
2014 5667 2090 5716 lueri·

461 5766 531 5803 muns
551 5754 572 5804 Τ
681 5754 727 5808 1⁰8
746 5757 889 5817 suscipiens
908 5753 997 5815 Muza,
1018 5755 1160 5818 suspiciens
1180 5753 1201 5802 Τ
1304 5754 1452 5805 recalescere
1473 5754 1493 5804 Τ
