4508 6434
754 418 986 476 IOHANNIDOS
1004 422 1075 477 LIB.
1096 423 1160 479 Vll.
1184 423 1253 488 (VI).

579 613 728 691 quattuor
749 609 867 675 electos
889 610 1017 695 rapiens
1040 631 1079 677 ex
1102 613 1230 695 agmine
1253 614 1380 678 Mauros

579 710 696 793 vinxit,
723 718 758 777 et
776 711 939 798 implicitis
960 714 1165 798 praestrinxit
1186 715 1317 781 brachia
1338 716 1448 799 nodis,

579 814 780 897 servavitque
802 815 906 900 viros,
931 835 1048 902 magno
1072 824 1194 884 secreta
1215 819 1369 902 magistro

577 917 633 1000 qui
656 916 795 984 referant
815 919 997 1004 linguisque
1020 921 1088 987 suis
1110 940 1229 986 areana
1251 922 1421 987 resolvant.

577 1020 752 1086 Varinnnm
774 1024 901 1107 prensis
924 1023 1030 1109 rapuit
1050 1023 1167 1089 virtute
1190 1024 1316 1108 capillis

577 1129 610 1188 et
632 1124 798 1209 suspendit
820 1147 911 1210 equo.
958 1127 1086 1193 tremuit
1108 1126 1283 1209 dextraque
1305 1127 1458 1213 pependit

576 1226 689 1292 infelix
710 1229 885 1294 Nasamon.
930 1249 1024 1313 quem
1047 1230 1191 1314 protinus
1213 1230 1270 1296 ille
1293 1231 1460 1297 remissum

578 1330 690 1397 stravit
711 1331 816 1412 humi,
842 1332 999 1416 veloxque
1022 1351 1118 1418 snper
1139 1333 1208 1399 fera
1231 1340 1362 1417 pectora
1384 1334 1485 1418 sedit,

577 1433 775 1500 descendens
798 1435 928 1501 levitate
951 1453 1029 1518 sua,
1052 1435 1207 1518 tortisque
1228 1437 1357 1503 lacertis

576 1555 692 1621 aspera
713 1558 770 1623 per
791 1538 936 1622 geminas
959 1539 1147 1606 substrinxit
1167 1539 1296 1605 vincula
1318 1542 1454 1626 palmas.

577 1640 702 1706 ducitur
723 1642 797 1708 hinc
818 1643 960 1724 vinctus,
985 1643 1132 1709 manibus
1152 1650 1226 1728 post
1247 1649 1339 1727 terga
1361 1645 1527 1727 revinctis,

577 1764 647 1810 cum
671 1745 766 1810 sociis
788 1746 948 1812 Varinnus
970 1753 1078 1829 atrox,
1105 1747 1259 1830 vultuque
1281 1747 1413 1813 remisso

577 1847 717 1914 ductoris
738 1848 826 1914 stetit
846 1856 920 1915 ante
943 1851 1052 1935 pedes.
1100 1857 1175 1916 tunc
1197 1851 1299 1916 omnis
1321 1851 1356 1916 in
1377 1851 1468 1917 illum

575 1951 669 2017 turba
690 1951 752 2017 coit
773 1971 902 2018 currens
925 1953 1030 2019 studio
1053 1955 1197 2020 Romana
1218 1953 1344 2035 tuendi,

575 2054 772 2139 Massylique
796 2054 894 2121 duces
916 2056 1023 2141 cupidi
1046 2057 1229 2123 condiscere
1251 2077 1366 2123 causas

576 2163 624 2239 et,
650 2159 796 2242 quaesit
818 2159 988 2225 manifesta
1009 2159 1099 2228 fides.
1147 2161 1309 2244 victorque
1331 2161 1450 2227 referre

576 2261 755 2328 Caecilides
777 2263 824 2327 sic
844 2262 951 2327 iussus
973 2263 1029 2328 ait.
1081 2266 1155 2329 ‘tua
1175 2265 1315 2329 maxima
1338 2283 1470 2330 servans

534 2435 537 2444 ,
575 2365 693 2450 optime
715 2365 804 2430 iussa
825 2365 958 2448 ducum,
985 2367 1109 2433 Christo
1131 2374 1293 2452 pugnante
1316 2368 1438 2434 cucurri

575 2489 633 2554 per
653 2466 776 2534 medios
798 2469 907 2534 hostes
929 2476 961 2536 et
982 2477 1089 2536 castra
1110 2471 1226 2536 feralia
1247 2471 1331 2554 vidi,

574 2592 656 2656 quae
678 2572 778 2638 fixere
799 2573 859 2639 viri
881 2571 1006 2640 miseris
1028 2574 1239 2641 Vincensibus
1261 2575 1357 2640 arvis.

574 2675 739 2760 ingressus
761 2675 918 2760 trepidam
940 2677 1037 2742 bellis
1059 2677 1261 2761 cingentibus
1283 2680 1393 2744 urbem

574 2778 735 2845 condolui.
781 2780 849 2846 illio
871 2801 988 2864 magna
1008 2787 1116 2846 tamen
1138 2781 1293 2846 miracula
1314 2781 1393 2846 vidi.

574 2903 711 2965 namque
733 2883 838 2949 iacent
860 2885 957 2950 nullis
979 2883 1175 2949 circumdata
1196 2884 1323 2950 moenia
1345 2885 1462 2969 muris,

572 2986 737 3070 praesidio
758 2987 881 3053 munita
903 2988 965 3054 dei.
1012 3009 1075 3054 non
1098 2987 1237 3053 turribus
1259 2988 1349 3053 illam

573 3089 674 3155 ardua
696 3089 818 3175 pinnati
841 3089 1018 3157 defendunt
1039 3091 1179 3157 culmina
1200 3091 1288 3156 teeti.

573 3193 768 3259 mansuescit
789 3201 902 3276 gentes
924 3194 1013 3261 verbi
1034 3195 1151 3261 virtute
1174 3195 1335 3261 sacerdos.

574 3295 620 3362 sie
642 3303 734 3382 parat
755 3297 911 3364 indociles
933 3299 1081 3364 caelestis
1103 3299 1208 3382 gratia
1229 3306 1364 3365 mentes.

572 3400 628 3466 ille
651 3406 756 3486 potest
777 3401 904 3467 monitis
926 3400 1055 3467 rabidos
1078 3401 1177 3468 lenire
1200 3387 1310 3468 leones

573 3511 605 3570 et
626 3503 753 3589 placare
776 3503 872 3571 feras.
919 3510 1146 3570 mansuescunt
1166 3504 1263 3570 corda
1285 3505 1449 3591 luporum,

573 3613 667 3690 atque
689 3607 795 3673 avidis
816 3615 944 3674 teneros
966 3628 1029 3673 non
1052 3607 1185 3673 laedunt
1206 3609 1363 3674 morsibus
1386 3629 1497 3694 agnos.

572 3710 777 3793 hortaturque
799 3711 912 3792 simul,
938 3710 1052 3776 iubeas
1072 3730 1243 3796 properare
1265 3713 1427 3794 sequendo

571 3814 694 3900 proelia
715 3813 867 3880 Romanis
889 3813 1051 3880 confidens
1074 3834 1227 3900 prospera
1247 3817 1361 3895 rebus,

572 3917 599 3983 si
622 3917 752 3983 venias:
777 3917 918 3984 lacrimis
940 3938 1003 3983 non
1026 3917 1152 3984 desinet
1172 3919 1228 3984 ille
1250 3919 1410 4004 precando

570 4041 628 4107 pro
650 4020 776 4107 populis
799 4020 960 4104 armisque
981 4019 1045 4086 tuis
1067 4020 1244 4104 castrisque
1266 4022 1388 4088 Latium

572 4144 708 4191 exorans
728 4124 862 4209 iugiter,
888 4131 1012 4190 nostros
1035 4131 1070 4190 nt
1090 4131 1234 4190 conterat
1255 4125 1363 4191 hostes

571 4228 789 4314 omnipotens,
815 4228 1016 4312 humilesque
1038 4234 1094 4294 trra
1115 4229 1231 4294 virtute
1253 4229 1417 4314 superbos.

445 4357 450 4378 ·
573 4332 630 4398 bos
653 4352 713 4416 ego
735 4332 901 4416 digressus
922 4331 1020 4397 nimio
1043 4332 1158 4399 sudore
1180 4331 1320 4400 rebelles

573 4435 712 4518 detinni,
738 4435 794 4518 qui
816 4441 930 4501 cuncta
950 4435 1009 4500 tibi
1032 4442 1155 4501 secreta
1176 4436 1338 4502 resolvant

572 4539 678 4624 gentis
699 4538 810 4622 iniqua
832 4558 929 4619 suae,
955 4538 1154 4622 doceantque
1177 4560 1217 4606 ex
1239 4538 1348 4606 ordine
1371 4543 1536 4607 mentem‘.

657 4642 784 4708 finierat
805 4641 917 4722 dictio,
944 4661 1026 4726 qnae
1048 4649 1211 4726 gesserat,
1238 4651 1311 4709 acta
1332 4644 1489 4710 tribunus.

572 4752 606 4811 at
628 4746 739 4812 ductor
759 4745 880 4812 vinctos
902 4745 966 4810 iam
989 4741 1113 4812 dudum
1133 4746 1252 4812 lumine
1274 4754 1363 4813 torvo

573 4848 754 4934 despiciens
775 4849 876 4915 iratus
897 4849 954 4914 ait.
1004 4850 1076 4932 ‘qui
1097 4850 1257 4916 mentibus
1279 4857 1400 4916 aursus‘.l

572 4953 686 5036 dieite,
711 4951 865 5018 furciferi.
911 4973 994 5036 quae
1016 4971 1073 5018 vos
1096 4973 1165 5020 sors
1188 4953 1258 5018 dira
1280 4954 1386 5038 coligit

571 5056 646 5122 hinc
668 5055 805 5140 Libycos
826 5055 923 5122 bellis
944 5055 1058 5122 iterum
1080 5077 1223 5123 remeare
1245 5077 1303 5143 per
1324 5078 1435 5142 agros,

572 5167 605 5226 et
625 5159 741 5226 vetitas
763 5165 920 5243 temptare
942 5158 1030 5242 vias,
1057 5160 1223 5243 solitisque
1246 5161 1367 5247 rapinis

572 5265 748 5330 Poenomm
771 5263 909 5349 spoliare
932 5262 1043 5329 domos
1065 5271 1241 5349 gentesque
1264 5265 1418 5331 Latinas?

254 5489 304 5540 462
323 5493 467 5555 linqulsque
488 5492 509 5538 Τ
646 5489 696 5540 lus
715 5489 837 5540 Nasamon
857 5491 947 5552 Mora,
967 5505 1092 5542 mamaeam
1114 5493 1134 5540 Τ
1271 5491 1322 5542 469
1339 5494 1442 5544 reuletls
1463 5495 1484 5542 Τ
1620 5493 1670 5543 474
1688 5508 1753 5557 quae
1773 5497 1802 5558 Τ,

186 5591 235 5639 quo
252 5576 388 5627 Mommsen
491 5577 541 5627 4ἶὸ
559 5578 648 5625 oetlme
666 5580 729 5627 luxu
744 5577 764 5623 Τ

867 5578 916 5627 478
935 5581 1032 5628 mlserls
1050 5581 1217 5628 Vlueeuslbns
1234 5582 1329 5641 scripsi,
1350 5581 1446 5629 mirerls
1465 5583 1532 5630 uicta
1551 5582 1654 5631 anslbuu
1669 5582 1697 5642 Τ,
1719 5585 1805 5632 miseri

185 5665 282 5712 inuicte
293 5665 395 5713 ansibus
407 5667 463 5727 legit
478 5664 567 5726 blesa,
589 5665 673 5712 miseri
686 5665 855 5713 Vincenslbua
868 5665 942 5715 Betrlr.
1048 5665 1096 5715 481
1116 5664 1263 5714 circumdita
1277 5666 1298 5712 T
1398 5665 1448 5716 482
1466 5682 1516 5716 non
1532 5669 1560 5729 Τ,
1582 5682 1638 5716 nam
1653 5669 1710 5732 lepre
1725 5667 1802 5722 Musa.

186 5749 236 5798 499
255 5763 353 5799 axomes
373 5751 394 5799 Τ
497 5747 547 5800 494
564 5751 719 5813 humiletque
738 5751 816 5801 Moza.
924 5750 973 5802 509
992 5753 1050 5801 bine
1070 5753 1099 5815 Τ,
1120 5751 1394 5803 neocaesareenses.
