4546 6420
909 394 1138 452 saconurvu.
1785 397 1834 464 IX

206 623 333 689 Mauros
355 621 568 705 Zeugitanos,
602 621 789 704 Byzacenos
812 619 980 704 Syrtisque
1010 621 1141 686 minoris
1171 622 1310 702 accolas,
1339 620 1456 687 deinde
1479 623 1511 686 Π
1534 625 1682 688 85-138
1705 623 1834 689 Mauros

206 742 310 828 Syrtis
341 741 471 807 maioris
500 741 594 808 litora
619 739 803 808 habitantes
832 741 1029 824 enumerari,
1067 740 1144 807 addi
1174 749 1369 826 postremum
1399 742 1432 807 11
1464 747 1628 808 ito-161
1660 744 1832 811 Numidiae

205 863 423 929 meridionalis
445 861 648 946 regionisque
672 861 887 944 Arzugitanae
909 862 1054 946 populos.
1144 939 1146 942 ¹
1528 943 1530 956 Ι

293 983 433 1062 Initium,
459 989 493 1047 ut
515 1002 574 1066 par
596 989 674 1064 erat,
702 1002 722 1046 a
743 981 823 1047 belli
837 981 973 1047 Maurici
988 989 1116 1048 auctore
1139 983 1303 1067 potissimo
1325 991 1420 1067 pce'ta
1436 983 1531 1067 capit,
1558 986 1678 1051 Antala
1700 985 1833 1069 eiusque

206 1103 368 1188 apopulo
390 1103 564 1184 Frexensi,
598 1102 688 1168 cuius
710 1122 826 1168 nomen
855 1102 887 1167 in
918 1102 1103 1185 regionibus
1126 1103 1259 1187 Byzacii
1287 1104 1491 1169 interioribus
1520 1124 1560 1170 ne
1591 1125 1675 1170 nunc
1703 1105 1833 1189 quidem

205 1243 334 1309 prorsus
349 1223 491 1289 evanuit.
527 1224 564 1288 In
579 1221 724 1288 confiniis
739 1223 825 1288 enim
841 1223 932 1306 regni
947 1222 1107 1288 Tunetani
1122 1230 1154 1289 et
1167 1223 1352 1308 provinciae
1368 1224 1537 1306 Algericae
1552 1224 1635 1290 inter
1649 1225 1833 1291 Thevesten
1914 1249 1916 1254 ’

210 1345 407 1428 (Tebessam)
427 1351 460 1408 et
474 1343 658 1428 Thelepten
677 1342 818 1424 {Hausch
842 1344 872 1408 el
888 1343 985 1407 Kima
1007 1357 1105 1428 prope
1121 1343 1300 1426 Fauianam)
1320 1343 1502 1409 etiamnunc
1520 1345 1658 1429 populus
1672 1345 1833 1411 Mauricus

203 1464 395 1529 Fraschisch
410 1465 604 1547 vagatur¹³).
646 1464 782 1529 Antalas
804 1483 939 1546 regnum
955 1483 1089 1546 parvum
1105 1484 1124 1528 a
1139 1470 1230 1548 patre
1247 1462 1397 1529 Guenfan
1414 1472 1579 1549 acceptum
1596 1465 1713 1532 callide
1729 1467 1829 1534 auxit.

205 1585 284 1652 Cum
308 1584 394 1649 enim
417 1593 542 1650 ceterae
559 1591 673 1668 gentes
688 1584 850 1649 Mauricae
865 1583 1039 1668 Byzacium
1053 1583 1231 1648 incolentes
1247 1584 1475 1651 rebellionibus
1490 1584 1588 1650 irritis
1603 1585 1689 1652 vires
1709 1587 1834 1653 exhau-

205 1705 303 1769 rirent
326 1713 358 1770 et
380 1705 432 1770 vel
456 1704 587 1770 sedibus
610 1705 677 1770 suis
699 1705 815 1770 cedere
830 1711 1028 1787 cogerentur,
1054 1703 1124 1788 ipse
1140 1703 1253 1769 decem
1276 1724 1334 1788 per
1355 1725 1456 1770 annos
1471 1705 1584 1790 plenos
1601 1707 1766 1792 Byzantiis
1786 1708 1833 1773 ita

185 1915 189 1918 ,.
206 1824 300 1890 fidem
324 1825 480 1904 servavit,
508 1832 542 1890 ut
564 1826 745 1890 Maurorum
775 1825 915 1890 omnium
944 1823 978 1889 in
1001 1824 1140 1909 Byzacio
1170 1825 1432 1891 commorantium
1455 1824 1630 1924 dominatio
1653 1827 1685 1892 ei
1707 1829 1833 1894 contin-

204 1947 354 2028 geret¹⁴).
402 1945 476 2010 Veri
499 1945 597 2029 igitur
627 1945 824 2010 simillimum
854 1952 903 2010 est
933 1944 1101 2030 epopulis
1123 1945 1293 2028 Mauricio,
1328 1965 1409 2028 quos
1438 1952 1510 2030 post
1532 1947 1653 2012 Frexes
1676 1948 1832 2034 Corippus

204 2073 368 2146 memorat,
387 2066 567 2151 complures
582 2066 719 2131 Antalae
735 2065 892 2151 paruisse.
934 2066 981 2130 Ac
996 2063 1036 2131 de
1053 2065 1166 2130 ceteris
1182 2064 1322 2148 quidem,
1342 2086 1477 2149 quorum
1493 2067 1623 2133 nomina
1641 2067 1828 2152 (Silvaizan,

205 2185 390 2266 Silcadenit)
410 2207 514 2271 neque
537 2186 623 2271 apud
640 2186 811 2271 Corippum
835 2185 914 2250 alibi
928 2205 1033 2268 neque
1055 2184 1142 2269 apud
1162 2186 1264 2261 ¹alium
1288 2186 1389 2251 ullum
1406 2186 1591 2271 scriptorem
1614 2188 1829 2272 inveniuntur,

174 2353 177 2362 .
205 2326 261 2390 pro
284 2313 369 2372 certo
391 2306 566 2389 quidquam
590 2313 729 2373 statuere
752 2306 824 2389 quis
847 2305 953 2370 ausiti
983 2304 1168 2371 Sedunum
1192 2307 1308 2372 saltem
1331 2307 1485 2392 populum
1506 2308 1631 2388 Naffur,
1658 2329 1753 2390 quem
1771 2310 1834 2376 Co-

203 2426 315 2512 rippus
338 2447 408 2492 eum
425 2427 580 2492 Frexensi
601 2427 742 2492 iunctum
766 2445 941 2491 memorare
963 2424 1031 2492 fere
1055 2427 1136 2492 solet
1160 2426 1239 2510 (Ich.
1258 2426 1359 2492 1143.
1386 2431 1426 2491 52
1449 2427 1499 2492 ΙΙΙ
1520 2430 1589 2492 187.
1619 2431 1678 2493 189
1693 2430 1754 2494 VH
1771 2432 1832 2495 384
1942 2518 1948 2527 ·

204 2547 282 2611 VIII
294 2550 401 2630 6481),
420 2548 558 2613 Antalae
574 2546 783 2612 dominationi
799 2545 948 2612 addicere
964 2567 1059 2612 nemo
1074 2546 1244 2613 dubitabit.
1277 2548 1315 2612 In
1330 2547 1462 2632 Byzacii
1478 2547 1564 2613 enim
1581 2555 1672 2633 parte
1687 2549 1834 2616 orientali
1916 2593 1923 2612 .

202 2674 234 2733 et
257 2666 458 2733 meridionali
480 2667 533 2732 hio
555 2667 692 2752 populus
716 2667 846 2732 saeculo
869 2667 965 2732 etiam
988 2688 1022 2752 p.
1048 2667 1123 2733 Chr.
1149 2689 1181 2732 n.
1207 2668 1270 2732 lX⁰
1292 2675 1430 2734 exeunte
1453 2668 1548 2734 sedes
1571 2669 1742 2750 hahuitff).

288 2789 469 2872 Sequuntur
490 2825 534 2836 —
556 2786 674 2869 nescio,
700 2787 838 2869 anquis
861 2787 992 2853 miretur
1013 2825 1056 2835 -
1079 2788 1182 2853 Mauri
1205 2788 1387 2873 Zeugitani,

563 2907 618 2992 qui
642 2907 766 2973 Gurubi
789 2914 941 2973 montana
964 2908 1072 2974 colunt
1092 2908 1259 2992 vallesque
1283 2909 1461 2994 malignas,

563 3010 737 3076 Mercurios
761 3012 870 3076 colles.

202 3131 353 3197 Mercurii
376 3132 622 3230 promontorium
652 3133 745 3210 (nunc
767 3132 832 3196 Ras
855 3130 976 3214 Addar)
989 3134 1021 3212 11)
1051 3130 1267 3216 oppidumque
1293 3131 1369 3197 inde
1391 3132 1478 3198 haud
1500 3135 1596 3217 longe
1619 3133 1743 3200 distans
1767 3136 1832 3201 Ou-

204 3252 307 3317 rubim
336 3255 429 3334 (nunc
445 3251 564 3334 Gurha)
580 3253 614 3334 ¹⁷)
642 3251 693 3316 his
717 3252 863 3317 versibus
886 3251 1030 3317 denotari
1052 3251 1117 3316 iam
1141 3251 1410 3318 Mazzucchcllius
1431 3253 1601 3319 intellexit.
1642 3256 1685 3320 At
1706 3257 1826 3341 populi,

203 3392 282 3455 quos
305 3370 422 3438 exinde
441 3393 471 3434 r.
492 3374 542 3435 62.
563 3374 602 3435 66
626 3379 721 3456 po'e'ta
743 3372 885 3437 nominat
906 3371 1092 3449 (Silvaizan,
1118 3371 1274 3448 Macares.
1303 3372 1472 3450 Silzactae,
1500 3373 1638 3455 Caunos)
1664 3382 1770 3441 utrum
1787 3376 1831 3442 ad

202 3492 338 3558 eandem
368 3492 563 3576 provinciam
593 3492 807 3586 Zeugitanam
836 3491 1046 3577 pertinuerint
1075 3512 1134 3557 nec
1171 3512 1228 3574 ne,
1262 3493 1412 3574 equidem
1442 3513 1572 3578 prorsus
1599 3495 1748 3579 ignorare
1778 3517 1829 3564 me

202 3611 313 3678 fateor.
368 3612 540 3677 Nominum
574 3611 802 3678 similitudines
836 3618 1017 3696 captantem
1050 3611 1175 3677 iuvabit
1214 3612 1323 3678 forsan
1356 3613 1574 3680 Mauretaniae
1609 3615 1829 3683 Caesariensis

201 3732 367 3798 Maeeuras
398 3739 430 3798 et
451 3731 638 3812 Machares,
672 3731 892 3797 Mauretaniae
920 3732 1113 3816 Tingitanae
1143 3733 1271 3798 Caunos
1301 3733 1429 3800 Oceano
1459 3733 1584 3800 vicinos
1614 3736 1700 3820 apud
1722 3738 1830 3803 Ptole-

201 3874 327 3918 maeum
349 3853 573 3928 invenisset).
622 3851 687 3917 Sed
710 3852 784 3917 aliis
806 3851 1037 3937 interpretandi
1060 3852 1254 3918 adiumentis
1278 3852 1450 3919 destitutus
1474 3854 1552 3919 solis
1575 3856 1626 3921 his
1648 3857 1830 3922 nominibus

201 3973 360 4039 confidere
391 3994 451 4057 ego
484 3993 546 4038 non
579 3970 685 4038 audeo
698 3977 746 4054 ¹⁹).
797 3973 915 4055 Immo,
953 3993 1029 4038 num
1059 3993 1133 4038 vere
1167 3973 1303 4058 populos
1336 3973 1409 4038 illos
1442 3975 1639 4042 Mauritanos
1672 3977 1829 4063 Corippus
1873 4003 1875 4006 ·

293 4235 330 4296 18)
354 4235 384 4282 ll.
406 4234 489 4284 Barth.
511 4234 704 4294 Wauderungan
724 4234 800 4281 durch
819 4234 862 4282 das
882 4247 943 4297 pnn.
965 4233 1015 4282 und
1034 4236 1121 4293 hyren.
1138 4234 1294 4282 liiisterrlaud
1313 4235 1397 4283 l3erlin
1413 4234 1478 4284 1849
1491 4250 1516 4298 p.
1533 4234 1591 4284 240.
1607 4237 1664 4286 284.
1686 4239 1719 4287 V.
1734 4240 1828 4287 Gue'rin

201 4322 301 4383 voyage
323 4322 510 4382 archoologiqua
534 4321 596 4368 dana
619 4321 643 4368 la
667 4321 771 4380 regance
795 4321 826 4369 da
845 4320 926 4369 Tunia
950 4319 1019 4368 Paria
1039 4319 1103 4369 1862
1123 4321 1135 4368 Ι
1153 4335 1178 4382 p.
1200 4319 1259 4369 307.
1297 4320 1343 4368 Ch.
1366 4321 1461 4369 Teraud
1481 4321 1556 4370 Notas
1575 4337 1619 4370 aur
1637 4323 1744 4371 Tdhessa
1763 4325 1825 4373 lter.

200 4409 254 4458 Ah.
275 4408 363 4456 xvrn
383 4406 448 4456 1874
466 4422 491 4469 p.
506 4405 565 4456 453.
605 4405 678 4455 Carta
696 4407 726 4453 da
744 4405 860 4466 l'hlgoria
879 4407 973 4468 d'aprta
992 4408 1029 4455 lea
1049 4412 1129 4455 cartes
1147 4406 1178 4454 da
1197 4405 1266 4454 l'etat
1284 4409 1362 4466 major
1381 4412 1407 4454 at
1425 4407 1461 4454 lea
1480 4408 1627 4456 documenta
1646 4409 1680 4456 du
1699 4411 1828 4458 miniatem

201 4495 232 4543 de
251 4495 275 4542 la
293 4507 390 4556 guerre.
414 4492 593 4553 1:1,tooooo
612 4493 682 4540 Paria
703 4489 777 4541 1862.

291 4579 330 4641 14)
351 4580 420 4629 Proc.
435 4579 460 4628 b.
475 4579 558 4628 Vaud.
574 4580 600 4627 11
615 4577 645 4628 12
658 4579 701 4626 on.
724 4577 790 4627 1121
809 4569 935 4635 'Aeetae
955 4575 992 4638 δὲ,
1013 4573 1092 4647 οὗπερ
1105 4575 1131 4628 ἐν
1143 4579 1198 4635 τοῖς
1212 4574 1356 4648 ἔμπροσθεν
1368 4574 1452 4646 λόγους
1465 4575 1607 4646 ἐμνήυῦηυ,
1628 4575 1671 4630 dra
1687 4573 1828 4648 Ῥωμαίοις

200 4669 288 4718 πιστοῦ
307 4649 534 4734 διὐμεμευηιότυς,
554 4665 597 4716 aui
615 4655 652 4714 δι’
670 4660 731 4714 αὐτὸ
751 4660 828 4730 μόνου
847 4661 873 4714 ἐν
892 4659 1013 4732 Βυζακῑψ
1032 4658 1202 4732 Μαυρουσίων
1220 4660 1353 4733 ἄρχοντος.

209 4755 212 4761 ’
290 4752 330 4814 15)
350 4753 372 4802 al
391 4752 480 4813 laqnhi
499 4752 538 4800 ad.
559 4757 620 4799 vert.
642 4752 673 4798 de
692 4749 778 4810 Goeje.
801 4750 881 4809 Lugd.
903 4751 956 4799 liat.
980 4749 1045 4801 1860
1064 4767 1088 4814 p.
1105 4751 1137 4799 56
1160 4751 1268 4822 ‘Tripoli
1287 4751 1375 4798 relicta
1392 4752 1474 4798 intras
1489 4752 1515 4798 in
1534 4753 1659 4812 regionam
1678 4755 1758 4800 tribua
1777 4755 1828 4802 Na-

201 4841 264 4900 iuaa,
285 4852 351 4900 quae
369 4853 401 4887 aa
419 4839 526 4885 termino
545 4838 699 4886 meridionali
718 4838 821 4886 ditionis
839 4838 1008 4898 Tripolitanae
1026 4836 1057 4884 ad
1077 4837 1195 4884 viciniam
1214 4836 1245 4884 Al
1264 4837 1395 4884 Kairoanta
1413 4849 1439 4883 aa
1458 4833 1596 4886 extendlt'.

291 4922 498 4982 intrauerat
536 4923 646 4972 Plinn.
668 4924 693 4971 h.
715 4924 780 4984 Vt,
802 4923 835 4973 24
872 4924 935 4972 Ptol.
958 4922 1073 4980 was
1108 4923 1177 4972 Proo.
1199 4923 1222 4970 h.
1245 4920 1404 4971 Vand.lb.

291 5009 330 5072 l'l)
352 5009 405 5058 Col.
425 5010 474 5057 lul.
495 5007 601 5058 Curubis
618 5010 645 5056 in
664 5011 740 5059 inser.
762 5009 904 5058 Wllmanna
924 5008 1000 5058 2332.
1024 5009 1091 5057 Plin.
1111 5023 1137 5057 n.
1157 5009 1182 5058 h.
1204 5008 1227 5054 V
1246 5007 1271 5069 4,
1286 5006 1329 5057 m.
1355 5009 1388 5056 lt.
1408 5010 1469 5057 Ant.
1490 5021 1515 5069 p.
1531 5007 1602 5068 56,i
1624 5008 1664 5072 51,
1682 5009 1706 5059 5.
1733 5011 1827 5060 Guorin

201 5097 302 5158 voyage
321 5096 387 5145 arch.
408 5096 470 5144 dana
488 5096 511 5144 la
529 5097 633 5155 regenca
652 5096 682 5143 de
701 5096 782 5144 Tunir
800 5096 826 5143 11
844 5111 869 5158 p.
891 5093 1037 5144 241-244.

287 5181 326 5244 18)
349 5183 413 5231 Ptol.
433 5181 470 5229 IV
490 5180 512 5242 1,
536 5181 566 5231 16
587 5174 691 5232 Komar.
729 5181 766 5228 IV
784 5180 808 5243 2,
833 5180 863 5229 19
882 5175 1042 5250 Μυκκυῦρυι.
1081 5180 1118 5228 1v
1136 5180 1161 5238 2,
1182 5179 1215 5229 20
1233 5174 1381 5250 Μαχυῦρες.
1406 5206 1441 5217 -
1467 5179 1585 5230 (laterum
1604 5182 1714 5231 Macares
1733 5197 1828 5233 memo·

200 5275 289 5319 rantur
307 5268 431 5317 Timothei
449 5266 540 5316 Gazaai
558 5266 616 5334 napi
634 5257 706 5336 ζῴων
725 5269 872 5328 fragmento.
910 5269 998 5330 Haupt
1014 5268 1107 5330 Opuao.
1127 5267 1213 5329 philol.
1236 5268 1273 5315 111
1292 5282 1317 5330 p.
1338 5265 1388 5316 906
1411 5264 1474 5316 elota
1500 5263 1576 5318 ἄλλαι
1598 5266 1685 5335 μικραὶ
1706 5265 1824 5339 (σφίγγες)

201 5353 258 5423 περὶ
274 5353 322 5423 τὴν
339 5358 388 5423 γῆν
405 5360 456 5405 τῶν
475 5348 617 5424 Μακάρων.
1649 5395 1654 5402 ,

291 5440 330 5503 19)
351 5441 405 5490 Nou
429 5445 523 5489 temere
547 5441 661 5500 gentium
686 5441 787 5488 uomina
805 5441 896 5488 similla
914 5441 1093 5488 confundenda
1110 5453 1165 5488 erac
1183 5453 1235 5488 uno
1252 5440 1368 5504 exempto
1385 5440 1702 5496 demonstrasaeaulholat.
1740 5442 1828 5504 Populi

200 5529 334 5578 Fraxanais
362 5527 433 5576 aedas
459 5527 607 5587 indagantes
635 5529 719 5575 nascio
744 5540 776 5575 an
805 5526 966 5576 Fraxinanaia
993 5528 1076 5586 gentis
1102 5528 1129 5574 in
1152 5525 1311 5576 Mauretania
1330 5525 1484 5575 Gaeaarianal
1511 5527 1647 5575 habitantis
1675 5531 1826 5578 mentionem

203 5617 289 5678 (lnacr.
309 5611 506 5662 warmannooa.
523 5611 596 5672 1636)
618 5613 795 5676 arripuissent,
817 5613 866 5660 nist
885 5618 951 5676 oerto
969 5611 1080 5673 Procopii
1099 5613 1243 5660 testimonio
1260 5613 1370 5661 Antalae
1389 5618 1489 5673 gentem
1510 5613 1662 5662 Fraxcnaam
1681 5616 1706 5661 in
1727 5616 1829 5674 Ryaaclo

201 5701 296 5750 aadiaae
315 5704 448 5748 censurat.
916 5695 918 5704 '

278 5799 399 5843 (loarrrra.
532 5777 533 5780 Ἰ
1604 5799 1623 5854 b
