4508 6434
715 427 945 489 IOHANNIDOS
964 433 1035 489 LIB.
1055 433 1135 489 VIII.
1159 432 1242 500 (VII).

555 617 710 684 mortibus
732 619 851 687 affecit.
898 623 1060 688 Romanus
1082 621 1215 707 sangnis
1237 621 1376 688 harenas

556 725 690 810 proluit,
717 732 750 791 et
770 725 864 793 misto
885 727 1071 810 nigrescunt
1092 747 1232 811 aequora
1254 725 1339 791 tabo.

557 848 615 894 nos
638 827 708 895 aitis
731 835 827 914 atque
850 829 970 914 fames,
996 829 1132 896 flammis
1154 849 1213 896 nos
1235 829 1363 894 Africus
1386 828 1477 893 ussit.

449 951 462 990 ⁵
558 938 590 997 et
610 931 733 999 meritis
755 954 818 999 non
840 935 925 1000 ullus
947 934 1059 1000 honos.
1107 932 1301 1016 concurrite,
1328 933 1424 998 cives.

558 1055 653 1117 saxa,
680 1035 783 1117 faces,
809 1036 953 1120 gladios,
978 1036 1137 1122 quidquid
1158 1035 1261 1118 furor,
1287 1034 1336 1100 ira
1357 1032 1531 1115 ministrat,

558 1137 697 1223 diripite.
743 1137 876 1204 infando
898 1145 1006 1206 eareat
1028 1159 1103 1225 pars
1124 1145 1234 1206 nostra
1255 1138 1364 1204 labore

558 1249 659 1309 morte
682 1242 773 1309 ducis
795 1242 926 1309 meriti'.
973 1242 1042 1308 diro
1065 1243 1112 1308 sic
1134 1249 1238 1309 castra
1259 1241 1397 1308 tumultu

558 1345 723 1429 exagitato
745 1346 900 1427 fremunt,
926 1353 1022 1429 atque
1044 1345 1143 1432 impia
1165 1365 1328 1411 murmura
1349 1349 1503 1411 crescunt.

558 1449 754 1515 contrahitur
775 1447 948 1515 furibunda
969 1469 1101 1532 manus,
1127 1457 1281 1532 coetuque
1303 1455 1413 1514 coacto

559 1557 720 1618 exacuunt
741 1552 856 1618 dubias
877 1553 995 1619 iunctis
1017 1553 1197 1619 fervoribus
1217 1552 1300 1634 iras,

559 1655 795 1738 decernuntque
818 1655 922 1722 nefas.
969 1657 1089 1722 elamor
1109 1654 1246 1722 tentoria
1268 1655 1382 1720 miscet

559 1758 741 1842 lrorrilions,
768 1759 875 1824 saevis
897 1766 1026 1826 resonat
1047 1759 1251 1844 clangoribus
1273 1759 1401 1842 aether,

560 1883 622 1928 non
644 1862 740 1927 aliter
761 1860 868 1928 dubiis
891 1883 986 1944 quam
1009 1863 1107 1929 ferret
1128 1863 1251 1948 proelia
1272 1862 1367 1928 fessis

561 1965 668 2030 omnia
690 1964 883 2030 conturbans
905 1967 1079 2032 Nasamon.
1127 1966 1267 2032 ductoris
1288 1973 1324 2032 ut
1344 1984 1438 2030 aures

560 2068 694 2153 contigit
714 2067 771 2134 ille
793 2087 907 2152 sonna,
937 2069 1102 2153 ‘quisnam
1125 2070 1300 2156 crepitante
1322 2069 1459 2134 tumultu

561 2172 705 2256 exagitat
725 2191 798 2238 mea
820 2179 926 2238 castra
948 2173 1056 2238 furor?
1076 2173 1275 2259 perquirite’,
1302 2171 1383 2238 dixit

566 2279 616 2342 ‘et
637 2276 773 2342 celerem
795 2284 957 2343 removete
978 2275 1141 2361 gradnm'.
1187 2276 1254 2342 dux
1275 2276 1407 2342 Taranis
1429 2282 1504 2340 ante

562 2379 725 2463 egreditur
745 2378 889 2464 trepidus
911 2400 1015 2445 rerum
1038 2379 1221 2445 condiscere
1244 2397 1368 2444 causas.

563 2489 597 2548 ut
619 2483 771 2568 strepitus
793 2482 894 2549 sensit
916 2482 1032 2549 dubios
1054 2503 1257 2568 murmurque
1279 2483 1435 2564 virorum,

562 2585 699 2652 accessit
720 2586 858 2671 placidis
880 2586 1016 2671 populos
1039 2586 1153 2652 sedare
1175 2586 1322 2670 loquelis.

459 2680 461 2686 ’
561 2708 621 2754 nec
643 2689 734 2754 ducis
756 2689 814 2754 hos
837 2688 937 2756 facies
959 2710 1018 2755 nee
1041 2689 1140 2756 verba
1160 2690 1325 2775 precantia
1346 2687 1477 2754 flectunt

562 2811 622 2858 nec
643 2793 805 2858 Romanus
827 2792 943 2858 honos:
970 2793 1085 2858 animis
1108 2793 1287 2859 reverentia
1307 2793 1415 2860 cessit.

562 2896 634 2962 ausi
655 2896 734 2980 quin
756 2897 852 2962 etiam
875 2896 1000 2981 lapides
1021 2903 1178 2980 temptare
1201 2897 1353 2962 minaces.

562 3001 721 3082 urguebat
741 3017 810 3064 sors
832 3018 931 3064 saera
953 2999 1037 3065 viros
1060 2999 1225 3084 latumque
1247 3000 1355 3065 lutura
1436 3009 1441 3020 '

563 3109 664 3168 morte
686 3122 851 3188 premens,
877 3103 1075 3186 miserosque
1098 3103 1168 3168 dies
1190 3123 1340 3188 suprema
1361 3103 1517 3170 trahebat.

563 3205 696 3270 vertitur
717 3205 759 3270 ad
782 3205 912 3271 dubium
936 3205 1072 3290 pedibus
1095 3206 1181 3271 celer
1201 3205 1277 3274 inde
1299 3205 1487 3287 magistrum

563 3309 710 3390 nuntius,
737 3315 770 3374 et
791 3329 906 3374 saevas
927 3309 1034 3374 insani
1055 3309 1166 3375 militis
1188 3308 1253 3375 iras

563 3412 725 3477 exarsisse
746 3411 853 3478 ferens
875 3411 996 3477 bellum
1020 3412 1114 3478 civile
1135 3418 1267 3498 repente

563 3522 666 3580 ortum
688 3515 744 3581 ait.
790 3515 955 3582 infremuit
976 3516 1103 3598 ductor,
1129 3515 1291 3599 telumque
1313 3515 1473 3580 verendus

564 3619 730 3704 corripuit,
756 3617 923 3703 fossasque
946 3618 1054 3685 furens
1077 3626 1109 3684 et
1131 3625 1236 3684 cestra
1257 3619 1386 3703 reliquit

564 3722 735 3804 egrediens
757 3722 875 3788 virtute
897 3742 967 3789 sua.
1013 3723 1206 3808 comitesque
1229 3723 1330 3790 seculi

563 3832 660 3908 atque
685 3824 784 3890 duces
807 3831 840 3892 et
859 3824 926 3891 fida
946 3845 1073 3892 manns.
1118 3832 1195 3892 tune
1215 3846 1335 3910 aggere
1358 3826 1445 3891 celso

565 3928 721 4010 constitit,
748 3935 844 4012 atque
867 3929 959 4011 gravi
980 3929 1116 4013 populos
1138 3929 1185 3994 sic
1207 3950 1285 3995 voce
1307 3928 1449 3994 furentes

457 4055 469 4092 r
564 4029 732 4096 admonuit
753 4031 937 4097 metuenda.
987 4030 1108 4097 ‘ferum
1131 4052 1182 4096 me
1204 4051 1320 4116 nempe
1340 4032 1494 4116 putabas,

565 4133 675 4216 miles,
701 4135 818 4201 acerba
840 4134 972 4200 furensr
994 4135 1022 4200 ai
1044 4135 1095 4200 fas
1119 4135 1266 4200 civilibus
1288 4134 1387 4199 armIs

564 4236 677 4320 iusque
700 4238 809 4304 datum
831 4245 1032 4320 ostensum,
1059 4258 1213 4324 propera,
1239 4238 1377 4303 nibella
1398 4238 1500 4303 vetari

565 4360 616 4406 me
639 4347 790 4426 pereunte
813 4348 924 4426 putas,
950 4341 978 4405 si
1000 4341 1112 4407 Martis
1135 4361 1233 4406 causa
1254 4340 1413 4406 Iohannes

565 4443 699 4510 civibus.
747 4444 870 4510 haecne
892 4444 997 4510 fides?
1017 4443 1046 4509 si
1069 4445 1114 4510 sic
1137 4439 1281 4510 Romana¹
1302 4443 1435 4509 recessit

565 4567 605 4612 ex
627 4547 741 4612 animis
763 4547 885 4632 pietas,
911 4554 996 4613 certe
1017 4547 1081 4612 iam
1104 4547 1253 4631 gentibus
1274 4547 1344 4612 istis

563 4651 651 4716 bella
672 4671 795 4735 geram.
840 4656 948 4716 noster
969 4649 1059 4716 fortis
1082 4669 1270 4735 semperque
1292 4649 1397 4715 tidelis

565 4754 685 4820 Casina
707 4755 803 4820 rebus
826 4753 902 4838 erit,
928 4760 1041 4836 gentes
1064 4754 1258 4836 comitesque
1281 4754 1454 4836 ducesque.

565 4877 622 4923 vos
644 4858 763 4941 ignava
784 4877 899 4922 manus
920 4857 1037 4923 nostris
1059 4856 1214 4923 discedite
1236 4857 1360 4922 castris.

566 4959 685 5026 vadite.
731 4961 796 5024 iam
818 4960 926 5026 veniat
948 4961 1113 5025 commotis
1135 4959 1255 5026 (lucina
1277 4959 1400 5024 cannis.

565 5071 672 5129 noster
692 5062 842 5128 Ifisdaias
864 5062 1000 5148 propriis
1022 5082 1093 5127 cum
1115 5063 1265 5146 gentibus
1287 5062 1369 5128 ussit

567 5167 748 5251 Bezinaque
771 5173 803 5232 et
825 5167 919 5233 velox
941 5166 1029 5232 acies
1050 5165 1237 5232 famulantis
1259 5165 1406 5231 Iaudae'.

250 5415 283 5464 85
302 5416 398 5462 meritis
413 5414 443 5474 T,
463 5413 568 5462 meritus
586 5413 641 5472 teplt
661 5410 739 5461 llam.
846 5409 879 5460 86
897 5409 1103 5471 quicquldtnror
1120 5409 1155 5457 Ire
1172 5409 1201 5469 T,
1221 5415 1343 5471 quotquot
1361 5409 1427 5458 furor
1443 5409 1602 5461 ermellina.
1707 5412 1737 5461 81
1758 5415 1801 5464 (11-

182 5503 256 5564 rlpite
273 5501 360 5562 Bere„
380 5501 460 5562 dtripe
478 5505 504 5548 et
524 5499 545 5545 T
663 5496 695 5546 88
715 5497 802 5544 rnerlts
822 5494 899 5546 Mum.
1020 5495 1049 5544 91
1072 5498 1165 5544 lunetls
1182 5496 1276 5558 addidi,
1297 5497 1391 5545 mediis
1408 5496 1467 5545 add.
1488 5496 1565 5546 Muza.
1585 5495 1713 5555 conserens
1731 5499 1798 5558 Verp.

184 5587 270 5646 θεων.
292 5587 338 5632 111
357 5587 405 5632 151
538 5583 569 5631 97
590 5585 705 5643 sugitur
726 5583 746 5630 T
877 5581 910 5632 98
929 5584 1031 5630 temesis
1051 5582 1071 5628 T
1206 5581 1254 5631 106
1272 5589 1351 5630 merto
1371 5583 1393 5629 T
1532 5581 1579 5630 112
1597 5584 1759 5647 cominusque
1780 5586 1800 5632 T

183 5670 230 5720 113
248 5671 361 5729 agereT
467 5669 514 5718 111
533 5669 706 5717 constituitT
812 5667 860 5716 118
879 5670 964 5716 mortis
984 5668 1061 5717 Maec.
1171 5666 1215 5716 121
1237 5669 1326 5716 nostrls
1345 5667 1424 5716 Mam.
1532 5667 1589 5717 122.
1612 5666 1801 5717 llioosimT

183 5756 231 5806 tto
249 5759 387 5818 ucnlnuqne
408 5756 428 5802 T

257 5854 290 5898 co
291 5867 377 5896 ιιιιιι
1564 5855 1595 5905 13
1611 5891 1619 5912 .
