4462 6436
752 423 789 479 IN
808 421 965 479 annnu
983 421 1196 492 ANASl'ASlI.

438 656 442 668 ·
547 612 668 677 arboris
692 621 724 678 et
746 614 861 694 fontis,
888 615 915 679 si
939 616 989 680 fas
1013 636 1191 700 conponere
1216 616 1342 698 magnis

546 737 646 800 parva
668 716 778 800 datur,
804 718 907 784 iustas
929 720 1041 784 videor
1063 720 1207 804 posuisse
1231 719 1360 802 figuras.

545 819 594 884 siu
617 819 712 885 aliter
733 821 860 904 videar,
888 822 1015 887 veniam
1037 822 1133 908 petit,
1161 823 1278 907 optime
1301 829 1467 905 quaestor,

545 921 734 1007 simplicitas
756 925 870 1008 ignara
892 925 981 990 mali.
1027 933 1062 991 tu
1085 925 1200 991 fertilis
1222 927 1315 990 arbor

545 1027 689 1109 Augusto
713 1027 753 1092 de
776 1028 863 1094 fonte
886 1029 1011 1094 bibens.
1059 1028 1130 1092 lons
1153 1029 1312 1095 maximus
1334 1030 1429 1094 aulae
1452 1035 1501 1093 est

544 1131 718 1195 communis
741 1131 927 1198 benefactor
949 1132 1062 1212 herus,
1090 1131 1161 1196 lons
1185 1133 1291 1196 omnia
1313 1132 1436 1216 ditans,

543 1234 597 1316 qui
619 1241 675 1298 tua
698 1253 755 1319 per
776 1235 860 1300 latas
882 1235 995 1300 eduxit
1015 1235 1149 1301 brachia
1170 1242 1272 1301 terras

542 1342 574 1401 et
595 1337 729 1422 populos
752 1338 1082 1430 vestrarequieseere
1105 1338 1180 1403 fecit
1202 1339 1235 1402 in
1258 1339 1381 1404 umbra.

541 1439 617 1522 boc,
645 1441 724 1507 mibi
750 1442 810 1524 da,
837 1443 877 1508 de
901 1442 988 1507 fonte
1011 1442 1129 1507 bibam.
1174 1450 1212 1535 'tu
1235 1443 1355 1526 pabula
1377 1443 1529 1526 praebes,

541 1543 612 1607 lons
635 1545 713 1609 mibi
736 1544 839 1610 duleis
862 1565 975 1629 aquas.
1021 1545 1102 1610 baec
1122 1545 1207 1610 iuter
1228 1566 1362 1612 amoena
1384 1546 1523 1612 libenter

540 1647 679 1730 nutriar,
706 1656 739 1714 et
760 1657 868 1714 vestra
890 1649 1027 1715 satiatus
1048 1656 1199 1733 protegar
1221 1650 1350 1734 umbra,

540 1769 662 1815 summe
686 1751 927 1836 magistrorum,
954 1772 1119 1836 procerum
1142 1752 1258 1832 decus,
1285 1752 1405 1819 arbiter
1426 1754 1527 1835 orbis,

539 1853 692 1938 principis
713 1855 858 1940 auspicio
882 1856 972 1938 leges
994 1863 1027 1921 et
1046 1855 1119 1920 iura
1140 1856 1343 1939 gubernans,

538 1957 680 2024 iustitiae
703 1959 838 2040 vindex,
865 1958 994 2042 inopum
1017 1966 1126 2044 pater,
1153 1959 1259 2024 omnia
1282 1979 1397 2025 curans

537 2059 665 2125 iudiciis
687 2062 831 2126 relevare
854 2061 932 2146 piis,
959 2061 1034 2145 quia
1057 2081 1190 2126 munera
1211 2063 1346 2144 temnis,

538 2163 663 2246 spernis
685 2165 870 2246 avaritiam,
897 2165 1020 2230 fulvum
1043 2165 1128 2248 quod
1150 2167 1275 2249 respuis
1298 2187 1432 2240 aurum,

537 2274 687 2350 quaestor
708 2269 879 2348 Anastasi‚
906 2288 1000 2351 quem
1024 2269 1143 2334 Christi
1167 2290 1297 2334 munere
1321 2270 1420 2335 fidum

537 2371 687 2454 cognovit
708 2371 857 2456 princeps
879 2371 1071 2455 geminoque
1095 2373 1220 2438 ornavit
1242 2374 1369 2438 bonore.

537 2473 615 2539 felix
638 2481 686 2539 est
707 2481 792 2540 totus
814 2475 936 2540 Iustino
959 2475 1102 2560 principe
1124 2477 1281 2558 mundus,

537 2577 615 2642 felix
637 2578 718 2643 baec
740 2585 849 2660 aetas,
876 2577 908 2642 in
931 2599 995 2660 qua
1017 2579 1183 2663 Sapientia
1206 2587 1338 2662 regnat,

536 2681 648 2747 felices
670 2682 780 2767 populi
803 2690 834 2746 te
857 2681 980 2764 iudice,
1007 2701 1086 2764 quos
1109 2682 1190 2747 facis
1211 2683 1283 2768 ipse

535 2785 594 2850 sub
617 2784 755 2850 dominis
777 2784 919 2868 gaudere
942 2785 1015 2870 piis.
1063 2786 1257 2868 generaliter
1278 2787 1346 2852 orbi

534 2909 725 2971 quamquam
748 2888 936 2973 provideas,
963 2888 1070 2954 miseri
1093 2889 1277 2972 specialiter
1298 2889 1368 2954 Afri

514 2992 566 3056 'in
587 3000 619 3057 te
642 2994 751 3058 oculos
774 3001 869 3076 atque
892 3013 948 3058 ora
971 2992 1087 3057 lerunt.
1134 2992 1202 3075 agit
1224 2992 1334 3058 Africa
1356 3000 1482 3076 grates,

533 3103 565 3160 et
586 3103 724 3161 vestram
747 3095 811 3161 iam
834 3096 931 3161 sentit
952 3115 1062 3181 opem,
1089 3095 1292 3179 gaudetque,
1318 3097 1403 3180 quod
1425 3099 1535 3183 ampla

532 3219 659 3284 semper
681 3198 845 3264 Anastasii
866 3198 1008 3265 referunt
1030 3199 1152 3264 solacia
1174 3198 1272 3264 cives.

532 3323 582 3367 me
605 3322 729 3386 quoque
751 3301 963 3386 gaudentem,
989 3307 1193 3385 quaestorum
1216 3303 1374 3386 maxime,
1400 3304 1511 3372 redde.

531 3406 616 3489 quod
638 3406 729 3470 labor
749 3405 902 3488 indulsit,
929 3405 1015 3488 quod
1037 3405 1133 3470 sessis
1156 3405 1290 3489 provida
1313 3407 1413 3472 Musis

530 3509 616 3574 alma
639 3529 696 3594 per
715 3509 879 3574 insomnes
900 3508 1016 3573 meruit
1037 3507 1208 3590 vigilantia
1229 3516 1355 3592 noctes,

530 3612 563 3677 bi
586 3613 668 3677 sacri
690 3619 867 3678 monstrant
888 3612 1008 3697 apices.
1055 3612 1146 3695 lege,
1173 3631 1296 3678 summe
1319 3614 1488 3698 magister,

421 3741 434 3779 ι
530 3724 563 3782 et
584 3737 713 3782 causam
737 3716 876 3782 defende
898 3737 1015 3781 meam.
1061 3715 1119 3782 tibi
1142 3715 1264 3780 sanctio
1287 3725 1426 3782 vestrum

530 3821 731 3886 commendat
753 3820 919 3885 famulum.
967 3826 1072 3884 vestro
1095 3818 1136 3884 de
1158 3818 1245 3884 toute
1268 3828 1393 3885 creatur

529 3908 651 3989 rivulus
672 3923 734 3989 iste
757 3943 866 4004 meus,
894 3923 953 3987 sub
977 3923 1067 3987 cuius
1089 3922 1217 3988 nomine
1239 3929 1330 4006 gesto

528 4027 680 4112 principis
702 4027 855 4092 odicium.
880 4011 1014 4110 'fessae
1031 4025 1182 4091 miserere
1206 4033 1373 4109 senectae,

517 4131 776 4213 ‚vulneribusque
798 4130 878 4197 meis
901 4129 996 4194 solita
1018 4129 1139 4214 pietate
1162 4129 1308 4210 medere,

527 4243 562 4300 nt
582 4241 690 4318 grates
712 4233 770 4299 tibi
794 4235 898 4299 laetus
920 4253 1032 4316 agam,
1059 4251 1230 4314 sacrosque
1252 4232 1431 4317 triumphos

526 4337 680 4423 principis
700 4337 811 4403 invicti
835 4335 922 4402 felici
946 4335 1085 4401 carmine
1108 4335 1225 4400 dicam.

211 4621 240 4670 17
258 4623 351 4671 obtime
372 4619 399 4667 M
513 4619 546 4668 20
565 4632 622 4666 erus
641 4616 669 4664 M
783 4614 815 4664 23
833 4619 886 4664 uoci
905 4615 996 4678 pabula
1014 4615 1029 4662 ³
1047 4629 1081 4664 m.
1104 4612 1132 4660 M
1148 4614 1248 4676 poenula
1266 4617 1433 4676 superscripsit
1460 4661 1462 4666 ,
1545 4622 1648 4680 praebes
1666 4626 1761 4684 scripsi,

139 4722 247 4769 prebens
266 4706 307 4767 M,
336 4707 425 4770 praebe
445 4705 548 4766 fanu,
576 4705 695 4766 praebeas
719 4703 795 4750 Bortb
815 4703 875 4749 XXI
894 4704 952 4763 Pp.
976 4703 1040 4750 1016
1179 4699 1212 4748 26
1235 4701 1328 4749 arulter
1353 4699 1382 4746 M
1518 4701 1550 4751 27
1574 4720 1717 4766 guuernma
1737 4710 1766 4757 Μ

137 4795 169 4842 30
188 4795 253 4856 quod
273 4793 307 4854 M,
328 4794 388 4856 qula
404 4794 461 4852 legit
479 4791 543 4840 Ruta
682 4789 711 4838 31
732 4790 850 4837 anastasii
870 4788 897 4834 M
1029 4785 1061 4835 32
1079 4787 1176 4834 ornabit
1195 4784 1223 4832 M
1353 4786 1440 4836 441ιί1
1460 4787 1488 4835 M
1615 4792 1647 4841 45
1666 4795 1716 4842 tiui
1736 4795 1764 4842 M

137 4880 170 4926 46
189 4880 336 4928 commendat
354 4877 396 4938 M,
419 4883 447 4925 ut
465 4879 524 4927 rotet
661 4875 693 4924 dl
713 4876 809 4923 rluolua
827 4881 937 4922 stemeus
956 4872 984 4919 M
1104 4884 1228 4920 mmerr
1245 4884 1420 4920 rsurornrevnr
1438 4887 1468 4922 ru
1486 4889 1592 4925 uuvnrn
1611 4893 1759 4931 nnusrusrr.

137 4979 237 5018 rucrrrr
255 4979 335 5014 urnas
352 4977 449 5014 rursus
467 4976 572 5012 coarrrr
589 4975 716 5010 arurcnnr
734 4973 879 5009 nuumrcr
898 4973 990 5007 nnrrrs
1008 4973 1038 5007 ru
1056 4971 1162 5008 currum
1181 4971 1279 5006 rrsrrnr
1298 4971 1391 5007 noveru
1410 4974 1521 5010 ursoars
1542 4963 1569 5010 M

794 5205 1098 5212 ...-.....-.-—.——-.
