<?xml version="1.0" encoding="UTF-8"?>
<!DOCTYPE html PUBLIC "-//W3C//DTD XHTML 1.0 Transitional//EN"
    "http://www.w3.org/TR/xhtml1/DTD/xhtml1-transitional.dtd">
<html xmlns="http://www.w3.org/1999/xhtml" xml:lang="en" lang="en">
 <head>
  <title>
</title>
<meta http-equiv="Content-Type" content="text/html;charset=utf-8" />
  <meta name='ocr-system' content='tesseract 3.04.00' />
  <meta name='ocr-capabilities' content='ocr_page ocr_carea ocr_par ocr_line ocrx_word'/>
</head>
<body>
  <div class='ocr_page' id='page_1' title='image "./monumentagerman08mittgoog_0138.png"; bbox 0 0 4546 6420; ppageno 0'>
   <div class='ocr_carea' id='block_1_1' title="bbox 886 402 1818 470">
    <p class='ocr_par' dir='ltr' id='par_1_1' title="bbox 886 402 1818 470">
     <span class='ocr_line' id='line_1_1' title="bbox 886 402 1818 470; baseline 0.014 -14"><span class='ocrx_word' id='word_1_1' title='bbox 886 402 1114 458; x_wconf 85' lang='lat' dir='ltr'>PROOEMIVM.</span> <span class='ocrx_word' id='word_1_2' title='bbox 1704 403 1818 470; x_wconf 80' lang='lat' dir='ltr'>XXXI</span> 
     </span>
    </p>
   </div>
   <div class='ocr_carea' id='block_1_2' title="bbox 185 624 1819 1075">
    <p class='ocr_par' dir='ltr' id='par_1_2' title="bbox 185 624 1819 1075">
     <span class='ocr_line' id='line_1_2' title="bbox 186 624 1818 712; baseline -0.004 -16"><span class='ocrx_word' id='word_1_3' title='bbox 186 631 317 696; x_wconf 89' lang='lat' dir='ltr'>nuntius</span> <span class='ocrx_word' id='word_1_4' title='bbox 339 627 567 712; x_wconf 81' lang='lat' dir='ltr'>Carthaginem</span> <span class='ocrx_word' id='word_1_5' title='bbox 590 627 746 712; x_wconf 84' lang='lat' dir='ltr'>pervenit,</span> <span class='ocrx_word' id='word_1_6' title='bbox 772 626 837 691; x_wconf 89' lang='lat' dir='ltr'>iam</span> <span class='ocrx_word' id='word_1_7' title='bbox 860 624 1090 710; x_wconf 87' lang='lat' dir='ltr'>Tripolitanam</span> <span class='ocrx_word' id='word_1_8' title='bbox 1113 646 1172 711; x_wconf 94' lang='lat' dir='ltr'>per</span> <span class='ocrx_word' id='word_1_9' title='bbox 1192 626 1386 711; x_wconf 88' lang='lat' dir='ltr'>provinciam</span> <span class='ocrx_word' id='word_1_10' title='bbox 1410 625 1514 691; x_wconf 85' lang='lat' dir='ltr'><strong>Mauri</strong></span> <span class='ocrx_word' id='word_1_11' title='bbox 1536 626 1737 710; x_wconf 88' lang='lat' dir='ltr'>vagabantur</span> <span class='ocrx_word' id='word_1_12' title='bbox 1751 627 1818 711; x_wconf 91' lang='lat' dir='ltr'>By-</span> 
     </span>
     <span class='ocr_line' id='line_1_3' title="bbox 189 719 1819 834; baseline -0.004 -18"><span class='ocrx_word' id='word_1_13' title='bbox 189 749 332 834; x_wconf 85' lang='lat' dir='ltr'>aaciique</span> <span class='ocrx_word' id='word_1_14' title='bbox 356 748 472 813; x_wconf 92' lang='lat' dir='ltr'>linibus</span> <span class='ocrx_word' id='word_1_15' title='bbox 494 746 803 832; x_wconf 80' lang='lat' dir='ltr'><strong>appropinquabant.</strong></span> <span class='ocrx_word' id='word_1_16' title='bbox 851 746 938 825; x_wconf 82' lang='lat' dir='ltr'>Quos</span> <span class='ocrx_word' id='word_1_17' title='bbox 967 766 1040 811; x_wconf 88' lang='lat' dir='ltr'>oum</span> <span class='ocrx_word' id='word_1_18' title='bbox 1069 746 1123 810; x_wconf 83' lang='lat' dir='ltr'>vix</span> <span class='ocrx_word' id='word_1_19' title='bbox 1149 745 1349 828; x_wconf 78' lang='lat' dir='ltr'>attigissent,</span> <span class='ocrx_word' id='word_1_20' title='bbox 1382 719 1534 810; x_wconf 85' lang='lat' dir='ltr'>Iohannis</span> <span class='ocrx_word' id='word_1_21' title='bbox 1557 745 1699 812; x_wconf 89' lang='lat' dir='ltr'>adventu</span> <span class='ocrx_word' id='word_1_22' title='bbox 1722 745 1819 812; x_wconf 90' lang='lat' dir='ltr'>celeri</span> 
     </span>
     <span class='ocr_line' id='line_1_4' title="bbox 186 863 1819 949; baseline -0.003 -13"><span class='ocrx_word' id='word_1_23' title='bbox 186 870 289 936; x_wconf 91' lang='lat' dir='ltr'>territi</span> <span class='ocrx_word' id='word_1_24' title='bbox 312 889 439 933; x_wconf 91' lang='lat' dir='ltr'>cursum</span> <span class='ocrx_word' id='word_1_25' title='bbox 463 873 627 933; x_wconf 88' lang='lat' dir='ltr'>verterunt</span> <span class='ocrx_word' id='word_1_26' title='bbox 648 866 734 932; x_wconf 91' lang='lat' dir='ltr'>etin</span> <span class='ocrx_word' id='word_1_27' title='bbox 757 865 886 931; x_wconf 87' lang='lat' dir='ltr'>deserta</span> <span class='ocrx_word' id='word_1_28' title='bbox 908 866 1047 949; x_wconf 79' lang='lat' dir='ltr'>regressi</span> <span class='ocrx_word' id='word_1_29' title='bbox 1070 867 1219 947; x_wconf 80' lang='lat' dir='ltr'>sunt¹⁶⁸).</span> <span class='ocrx_word' id='word_1_30' title='bbox 1267 864 1426 930; x_wconf 86' lang='lat' dir='ltr'>Iohannes</span> <span class='ocrx_word' id='word_1_31' title='bbox 1447 864 1526 930; x_wconf 94' lang='lat' dir='ltr'>belli</span> <span class='ocrx_word' id='word_1_32' title='bbox 1549 863 1740 931; x_wconf 87' lang='lat' dir='ltr'>conficiendi</span> <span class='ocrx_word' id='word_1_33' title='bbox 1762 885 1819 931; x_wconf 92' lang='lat' dir='ltr'>cu·</span> 
     </span>
     <span class='ocr_line' id='line_1_5' title="bbox 185 984 1819 1075; baseline -0.004 -20"><span class='ocrx_word' id='word_1_34' title='bbox 185 988 375 1075; x_wconf 92' lang='lat' dir='ltr'>pidissimus</span> <span class='ocrx_word' id='word_1_35' title='bbox 396 987 522 1052; x_wconf 91' lang='lat' dir='ltr'>hostem</span> <span class='ocrx_word' id='word_1_36' title='bbox 544 987 578 1050; x_wconf 94' lang='lat' dir='ltr'>in</span> <span class='ocrx_word' id='word_1_37' title='bbox 600 985 730 1051; x_wconf 89' lang='lat' dir='ltr'>deserta</span> <span class='ocrx_word' id='word_1_38' title='bbox 749 992 955 1070; x_wconf 89' lang='lat' dir='ltr'>persecutus,</span> <span class='ocrx_word' id='word_1_39' title='bbox 990 985 1048 1050; x_wconf 90' lang='lat' dir='ltr'>sed</span> <span class='ocrx_word' id='word_1_40' title='bbox 1069 993 1142 1070; x_wconf 81' lang='lat' dir='ltr'>pout</span> <span class='ocrx_word' id='word_1_41' title='bbox 1163 984 1287 1050; x_wconf 89' lang='lat' dir='ltr'>dierum</span> <span class='ocrx_word' id='word_1_42' title='bbox 1310 1004 1484 1069; x_wconf 89' lang='lat' dir='ltr'>paucorum</span> <span class='ocrx_word' id='word_1_43' title='bbox 1505 985 1567 1050; x_wconf 87' lang='lat' dir='ltr'>iter</span> <span class='ocrx_word' id='word_1_44' title='bbox 1586 985 1709 1050; x_wconf 87' lang='lat' dir='ltr'>initum</span> <span class='ocrx_word' id='word_1_45' title='bbox 1733 984 1819 1049; x_wconf 91' lang='lat' dir='ltr'>mili-</span> 
     </span>
    </p>
   </div>
   <div class='ocr_carea' id='block_1_3' title="bbox 185 1103 1817 1190">
    <p class='ocr_par' dir='ltr' id='par_1_3' title="bbox 185 1103 1817 1190">
     <span class='ocr_line' id='line_1_6' title="bbox 185 1103 1817 1190; baseline -0.003 -17"><span class='ocrx_word' id='word_1_46' title='bbox 185 1117 252 1174; x_wconf 89' lang='lat' dir='ltr'>tum</span> <span class='ocrx_word' id='word_1_47' title='bbox 275 1107 449 1186; x_wconf 90' lang='lat' dir='ltr'>seditioue,</span> <span class='ocrx_word' id='word_1_48' title='bbox 483 1106 538 1190; x_wconf 93' lang='lat' dir='ltr'>qui</span> <span class='ocrx_word' id='word_1_49' title='bbox 568 1105 695 1171; x_wconf 91' lang='lat' dir='ltr'>labores</span> <span class='ocrx_word' id='word_1_50' title='bbox 719 1103 933 1188; x_wconf 81' lang='lat' dir='ltr'>expeditionis</span> <span class='ocrx_word' id='word_1_51' title='bbox 956 1124 1014 1188; x_wconf 90' lang='lat' dir='ltr'>per</span> <span class='ocrx_word' id='word_1_52' title='bbox 1041 1105 1189 1188; x_wconf 82' lang='lat' dir='ltr'>regiones</span> <span class='ocrx_word' id='word_1_53' title='bbox 1213 1104 1354 1184; x_wconf 88' lang='lat' dir='ltr'>ualidas,</span> <span class='ocrx_word' id='word_1_54' title='bbox 1387 1125 1472 1187; x_wconf 90' lang='lat' dir='ltr'>aqua</span> <span class='ocrx_word' id='word_1_55' title='bbox 1494 1111 1657 1186; x_wconf 90' lang='lat' dir='ltr'>carentes,</span> <span class='ocrx_word' id='word_1_56' title='bbox 1691 1105 1817 1170; x_wconf 89' lang='lat' dir='ltr'>steriles</span> 
     </span>
    </p>
   </div>
   <div class='ocr_carea' id='block_1_4' title="bbox 183 1223 1820 2030">
    <p class='ocr_par' dir='ltr' id='par_1_4' title="bbox 183 1223 1820 1786">
     <span class='ocr_line' id='line_1_7' title="bbox 186 1223 1819 1312; baseline -0.003 -19"><span class='ocrx_word' id='word_1_57' title='bbox 186 1247 285 1312; x_wconf 84' lang='lat' dir='ltr'>aegre</span> <span class='ocrx_word' id='word_1_58' title='bbox 319 1227 481 1308; x_wconf 86' lang='lat' dir='ltr'>ferebant,</span> <span class='ocrx_word' id='word_1_59' title='bbox 517 1225 612 1290; x_wconf 86' lang='lat' dir='ltr'>litora</span> <span class='ocrx_word' id='word_1_60' title='bbox 641 1231 786 1309; x_wconf 89' lang='lat' dir='ltr'>repetere</span> <span class='ocrx_word' id='word_1_61' title='bbox 816 1231 944 1289; x_wconf 88' lang='lat' dir='ltr'>coactus</span> <span class='ocrx_word' id='word_1_62' title='bbox 972 1227 1095 1308; x_wconf 70' lang='lat' dir='ltr'>est¹⁸⁹l</span> <span class='ocrx_word' id='word_1_63' title='bbox 1143 1223 1205 1288; x_wconf 85' lang='lat' dir='ltr'>Vix</span> <span class='ocrx_word' id='word_1_64' title='bbox 1234 1245 1322 1289; x_wconf 94' lang='lat' dir='ltr'>oram</span> <span class='ocrx_word' id='word_1_65' title='bbox 1345 1224 1505 1290; x_wconf 68' lang='lat' dir='ltr'>astricum</span> <span class='ocrx_word' id='word_1_66' title='bbox 1535 1225 1568 1289; x_wconf 91' lang='lat' dir='ltr'>in</span> <span class='ocrx_word' id='word_1_67' title='bbox 1597 1224 1713 1290; x_wconf 91' lang='lat' dir='ltr'>linibus</span> <span class='ocrx_word' id='word_1_68' title='bbox 1743 1225 1819 1290; x_wconf 90' lang='lat' dir='ltr'>atti-</span> 
     </span>
     <span class='ocr_line' id='line_1_8' title="bbox 185 1343 1818 1439; baseline -0.003 -26"><span class='ocrx_word' id='word_1_69' title='bbox 185 1354 294 1430; x_wconf 89' lang='lat' dir='ltr'>gerat,</span> <span class='ocrx_word' id='word_1_70' title='bbox 331 1366 402 1411; x_wconf 91' lang='lat' dir='ltr'>cum</span> <span class='ocrx_word' id='word_1_71' title='bbox 432 1346 541 1410; x_wconf 89' lang='lat' dir='ltr'>hostes</span> <span class='ocrx_word' id='word_1_72' title='bbox 563 1343 696 1429; x_wconf 89' lang='lat' dir='ltr'>perinde</span> <span class='ocrx_word' id='word_1_73' title='bbox 715 1343 842 1439; x_wconf 75' lang='lat' dir='ltr'>reversi</span> <span class='ocrx_word' id='word_1_74' title='bbox 864 1364 1000 1427; x_wconf 91' lang='lat' dir='ltr'>eumque</span> <span class='ocrx_word' id='word_1_75' title='bbox 1023 1343 1163 1409; x_wconf 82' lang='lat' dir='ltr'>assecuti</span> <span class='ocrx_word' id='word_1_76' title='bbox 1186 1350 1271 1408; x_wconf 92' lang='lat' dir='ltr'>sunt.</span> <span class='ocrx_word' id='word_1_77' title='bbox 1318 1343 1441 1408; x_wconf 92' lang='lat' dir='ltr'>Proelio</span> <span class='ocrx_word' id='word_1_78' title='bbox 1464 1344 1670 1410; x_wconf 90' lang='lat' dir='ltr'>tumultuario</span> <span class='ocrx_word' id='word_1_79' title='bbox 1693 1343 1735 1408; x_wconf 89' lang='lat' dir='ltr'>ad</span> <span class='ocrx_word' id='word_1_80' title='bbox 1758 1343 1818 1408; x_wconf 91' lang='lat' dir='ltr'>rivi</span> 
     </span>
     <span class='ocr_line' id='line_1_9' title="bbox 187 1462 1819 1553; baseline -0.002 -22"><span class='ocrx_word' id='word_1_81' title='bbox 187 1465 356 1553; x_wconf 89' lang='lat' dir='ltr'>cuiusdam</span> <span class='ocrx_word' id='word_1_82' title='bbox 379 1465 468 1550; x_wconf 84' lang='lat' dir='ltr'>ripas</span> <span class='ocrx_word' id='word_1_83' title='bbox 490 1471 599 1530; x_wconf 86' lang='lat' dir='ltr'>exorto</span> <span class='ocrx_word' id='word_1_84' title='bbox 621 1464 758 1549; x_wconf 91' lang='lat' dir='ltr'>primum</span> <span class='ocrx_word' id='word_1_85' title='bbox 781 1463 885 1528; x_wconf 87' lang='lat' dir='ltr'>Mauri</span> <span class='ocrx_word' id='word_1_86' title='bbox 907 1462 1047 1529; x_wconf 84' lang='lat' dir='ltr'>Cusinae</span> <span class='ocrx_word' id='word_1_87' title='bbox 1069 1470 1238 1548; x_wconf 90' lang='lat' dir='ltr'>parentes,</span> <span class='ocrx_word' id='word_1_88' title='bbox 1270 1462 1388 1528; x_wconf 88' lang='lat' dir='ltr'>deinde</span> <span class='ocrx_word' id='word_1_89' title='bbox 1410 1463 1545 1528; x_wconf 90' lang='lat' dir='ltr'>Romani</span> <span class='ocrx_word' id='word_1_90' title='bbox 1566 1463 1629 1548; x_wconf 94' lang='lat' dir='ltr'>ipsi</span> <span class='ocrx_word' id='word_1_91' title='bbox 1651 1463 1686 1528; x_wconf 91' lang='lat' dir='ltr'>in</span> <span class='ocrx_word' id='word_1_92' title='bbox 1708 1463 1819 1547; x_wconf 86' lang='lat' dir='ltr'>fugam</span> 
     </span>
     <span class='ocr_line' id='line_1_10' title="bbox 187 1582 1820 1670; baseline -0.003 -19"><span class='ocrx_word' id='word_1_93' title='bbox 187 1585 324 1652; x_wconf 88' lang='lat' dir='ltr'>coniecti</span> <span class='ocrx_word' id='word_1_94' title='bbox 346 1593 378 1651; x_wconf 93' lang='lat' dir='ltr'>ct</span> <span class='ocrx_word' id='word_1_95' title='bbox 400 1583 547 1670; x_wconf 90' lang='lat' dir='ltr'>dissipati</span> <span class='ocrx_word' id='word_1_96' title='bbox 571 1589 655 1648; x_wconf 89' lang='lat' dir='ltr'>sunt.</span> <span class='ocrx_word' id='word_1_97' title='bbox 704 1583 784 1648; x_wconf 79' lang='lat' dir='ltr'>Cum</span> <span class='ocrx_word' id='word_1_98' title='bbox 807 1582 944 1647; x_wconf 91' lang='lat' dir='ltr'>militum</span> <span class='ocrx_word' id='word_1_99' title='bbox 967 1603 1043 1668; x_wconf 89' lang='lat' dir='ltr'>pars</span> <span class='ocrx_word' id='word_1_100' title='bbox 1066 1603 1184 1666; x_wconf 84' lang='lat' dir='ltr'>magna</span> <span class='ocrx_word' id='word_1_101' title='bbox 1206 1582 1318 1667; x_wconf 90' lang='lat' dir='ltr'>periit,</span> <span class='ocrx_word' id='word_1_102' title='bbox 1352 1590 1419 1647; x_wconf 92' lang='lat' dir='ltr'>tum</span> <span class='ocrx_word' id='word_1_103' title='bbox 1451 1603 1468 1648; x_wconf 95' lang='lat' dir='ltr'>e</span> <span class='ocrx_word' id='word_1_104' title='bbox 1500 1583 1635 1648; x_wconf 91' lang='lat' dir='ltr'>ducibus</span> <span class='ocrx_word' id='word_1_105' title='bbox 1662 1601 1745 1648; x_wconf 89' lang='lat' dir='ltr'>unus</span> <span class='ocrx_word' id='word_1_106' title='bbox 1767 1583 1820 1646; x_wconf 93' lang='lat' dir='ltr'>Io-</span> 
     </span>
     <span class='ocr_line' id='line_1_11' title="bbox 183 1679 1276 1786; baseline -0.005 -15"><span class='ocrx_word' id='word_1_107' title='bbox 183 1679 311 1771; x_wconf 91' lang='lat' dir='ltr'>hannes</span> <span class='ocrx_word' id='word_1_108' title='bbox 334 1705 442 1770; x_wconf 92' lang='lat' dir='ltr'>senior</span> <span class='ocrx_word' id='word_1_109' title='bbox 463 1704 504 1769; x_wconf 90' lang='lat' dir='ltr'>ab</span> <span class='ocrx_word' id='word_1_110' title='bbox 527 1702 673 1769; x_wconf 90' lang='lat' dir='ltr'>hostibus</span> <span class='ocrx_word' id='word_1_111' title='bbox 695 1702 930 1768; x_wconf 89' lang='lat' dir='ltr'>circumventus</span> <span class='ocrx_word' id='word_1_112' title='bbox 953 1722 1132 1786; x_wconf 88' lang='lat' dir='ltr'>caesusque</span> <span class='ocrx_word' id='word_1_113' title='bbox 1154 1705 1276 1786; x_wconf 68' lang='lat' dir='ltr'>estvv).</span> 
     </span>
    </p>

    <p class='ocr_par' dir='ltr' id='par_1_5' title="bbox 187 1821 1817 2030">
     <span class='ocr_line' id='line_1_12' title="bbox 274 1821 1817 1909; baseline -0.002 -20"><span class='ocrx_word' id='word_1_114' title='bbox 274 1826 343 1890; x_wconf 91' lang='lat' dir='ltr'>Iam</span> <span class='ocrx_word' id='word_1_115' title='bbox 366 1824 461 1890; x_wconf 90' lang='lat' dir='ltr'>rebus</span> <span class='ocrx_word' id='word_1_116' title='bbox 482 1823 563 1909; x_wconf 92' lang='lat' dir='ltr'>ipsis</span> <span class='ocrx_word' id='word_1_117' title='bbox 585 1822 775 1888; x_wconf 89' lang='lat' dir='ltr'>brevissime</span> <span class='ocrx_word' id='word_1_118' title='bbox 797 1822 927 1904; x_wconf 90' lang='lat' dir='ltr'>relatis,</span> <span class='ocrx_word' id='word_1_119' title='bbox 954 1822 1070 1906; x_wconf 92' lang='lat' dir='ltr'>quibus</span> <span class='ocrx_word' id='word_1_120' title='bbox 1093 1841 1240 1905; x_wconf 89' lang='lat' dir='ltr'>quaeque</span> <span class='ocrx_word' id='word_1_121' title='bbox 1263 1821 1342 1886; x_wconf 92' lang='lat' dir='ltr'>locis</span> <span class='ocrx_word' id='word_1_122' title='bbox 1365 1828 1476 1904; x_wconf 85' lang='lat' dir='ltr'>gestae</span> <span class='ocrx_word' id='word_1_123' title='bbox 1499 1822 1580 1904; x_wconf 91' lang='lat' dir='ltr'>sint,</span> <span class='ocrx_word' id='word_1_124' title='bbox 1613 1822 1817 1907; x_wconf 86' lang='lat' dir='ltr'>indagemus.</span> 
     </span>
     <span class='ocr_line' id='line_1_13' title="bbox 187 1940 837 2030; baseline -0.008 -20"><span class='ocrx_word' id='word_1_125' title='bbox 187 1944 321 2030; x_wconf 84' lang='lat' dir='ltr'>Byzaoii</span> <span class='ocrx_word' id='word_1_126' title='bbox 343 1964 363 2008; x_wconf 90' lang='lat' dir='ltr'>a</span> <span class='ocrx_word' id='word_1_127' title='bbox 385 1943 502 2009; x_wconf 88' lang='lat' dir='ltr'>finibus</span> <span class='ocrx_word' id='word_1_128' title='bbox 524 1940 712 2008; x_wconf 82' lang='lat' dir='ltr'>recedentes</span> <span class='ocrx_word' id='word_1_129' title='bbox 734 1941 837 2006; x_wconf 88' lang='lat' dir='ltr'>Mauri</span> 
     </span>
    </p>
   </div>
   <div class='ocr_carea' id='block_1_5' title="bbox 549 2059 1448 2349">
    <p class='ocr_par' dir='ltr' id='par_1_6' title="bbox 549 2059 1448 2349">
     <span class='ocr_line' id='line_1_14' title="bbox 964 2059 1409 2144; baseline -0.004 -18"><span class='ocrx_word' id='word_1_130' title='bbox 964 2061 1068 2126; x_wconf 88' lang='lat' dir='ltr'>siccas</span> <span class='ocrx_word' id='word_1_131' title='bbox 1091 2079 1242 2144; x_wconf 90' lang='lat' dir='ltr'>superare</span> <span class='ocrx_word' id='word_1_132' title='bbox 1266 2059 1409 2125; x_wconf 85' lang='lat' dir='ltr'>Gadaias</span> 
     </span>
     <span class='ocr_line' id='line_1_15' title="bbox 549 2162 1448 2246; baseline -0.002 -16"><span class='ocrx_word' id='word_1_133' title='bbox 549 2185 608 2231; x_wconf 90' lang='lat' dir='ltr'>nec</span> <span class='ocrx_word' id='word_1_134' title='bbox 632 2164 780 2230; x_wconf 86' lang='lat' dir='ltr'>dubitant</span> <span class='ocrx_word' id='word_1_135' title='bbox 800 2164 972 2246; x_wconf 83' lang='lat' dir='ltr'>tristesque</span> <span class='ocrx_word' id='word_1_136' title='bbox 995 2164 1099 2244; x_wconf 93' lang='lat' dir='ltr'>locos,</span> <span class='ocrx_word' id='word_1_137' title='bbox 1126 2162 1197 2246; x_wconf 91' lang='lat' dir='ltr'>quis</span> <span class='ocrx_word' id='word_1_138' title='bbox 1220 2163 1328 2228; x_wconf 88' lang='lat' dir='ltr'>nullus</span> <span class='ocrx_word' id='word_1_139' title='bbox 1351 2163 1448 2228; x_wconf 90' lang='lat' dir='ltr'>eundi</span> 
     </span>
     <span class='ocr_line' id='line_1_16' title="bbox 549 2266 892 2349; baseline 0.003 -19"><span class='ocrx_word' id='word_1_140' title='bbox 549 2266 744 2349; x_wconf 91' lang='lat' dir='ltr'>vivendique</span> <span class='ocrx_word' id='word_1_141' title='bbox 766 2266 892 2331; x_wconf 91' lang='lat' dir='ltr'>modus.</span> 
     </span>
    </p>
   </div>
   <div class='ocr_carea' id='block_1_6' title="bbox 186 2385 1822 4982">
    <p class='ocr_par' dir='ltr' id='par_1_7' title="bbox 186 2385 1822 4506">
     <span class='ocr_line' id='line_1_17' title="bbox 188 2385 1821 2470; baseline -0.001 -17"><span class='ocrx_word' id='word_1_142' title='bbox 188 2387 335 2453; x_wconf 87' lang='lat' dir='ltr'>Gadaiae</span> <span class='ocrx_word' id='word_1_143' title='bbox 357 2387 413 2453; x_wconf 94' lang='lat' dir='ltr'>ubi</span> <span class='ocrx_word' id='word_1_144' title='bbox 436 2387 565 2468; x_wconf 89' lang='lat' dir='ltr'>fuerint,</span> <span class='ocrx_word' id='word_1_145' title='bbox 591 2387 710 2451; x_wconf 87' lang='lat' dir='ltr'>frustra</span> <span class='ocrx_word' id='word_1_146' title='bbox 731 2385 838 2451; x_wconf 88' lang='lat' dir='ltr'>adhue</span> <span class='ocrx_word' id='word_1_147' title='bbox 851 2386 1041 2470; x_wconf 81' lang='lat' dir='ltr'>‘quaesitum</span> <span class='ocrx_word' id='word_1_148' title='bbox 1065 2395 1125 2452; x_wconf 92' lang='lat' dir='ltr'>est.</span> <span class='ocrx_word' id='word_1_149' title='bbox 1165 2386 1436 2452; x_wconf 84' lang='lat' dir='ltr'>Mazzucohcllius</span> <span class='ocrx_word' id='word_1_150' title='bbox 1459 2385 1500 2451; x_wconf 91' lang='lat' dir='ltr'>de</span> <span class='ocrx_word' id='word_1_151' title='bbox 1517 2385 1731 2452; x_wconf 85' lang='lat' dir='ltr'>Gadabitanis</span> <span class='ocrx_word' id='word_1_152' title='bbox 1746 2387 1821 2452; x_wconf 91' lang='lat' dir='ltr'>har-</span> 
     </span>
     <span class='ocr_line' id='line_1_18' title="bbox 188 2505 1821 2591; baseline -0.001 -19"><span class='ocrx_word' id='word_1_153' title='bbox 188 2507 276 2573; x_wconf 91' lang='lat' dir='ltr'>baris</span> <span class='ocrx_word' id='word_1_154' title='bbox 298 2507 520 2591; x_wconf 86' lang='lat' dir='ltr'>Tripolitanae</span> <span class='ocrx_word' id='word_1_155' title='bbox 541 2505 725 2590; x_wconf 91' lang='lat' dir='ltr'>provinciae</span> <span class='ocrx_word' id='word_1_156' title='bbox 747 2505 902 2587; x_wconf 88' lang='lat' dir='ltr'>finitimis,</span> <span class='ocrx_word' id='word_1_157' title='bbox 928 2526 1008 2590; x_wconf 91' lang='lat' dir='ltr'>quos</span> <span class='ocrx_word' id='word_1_158' title='bbox 1030 2506 1203 2590; x_wconf 89' lang='lat' dir='ltr'>Procopius</span> <span class='ocrx_word' id='word_1_159' title='bbox 1225 2513 1390 2586; x_wconf 88' lang='lat' dir='ltr'>memorat,</span> <span class='ocrx_word' id='word_1_160' title='bbox 1417 2506 1580 2589; x_wconf 87' lang='lat' dir='ltr'>cogitavit.</span> <span class='ocrx_word' id='word_1_161' title='bbox 1628 2507 1692 2572; x_wconf 86' lang='lat' dir='ltr'>Sed</span> <span class='ocrx_word' id='word_1_162' title='bbox 1715 2506 1821 2589; x_wconf 86' lang='lat' dir='ltr'>gentis</span> 
     </span>
     <span class='ocr_line' id='line_1_19' title="bbox 188 2623 1822 2711; baseline -0.001 -19"><span class='ocrx_word' id='word_1_163' title='bbox 188 2626 284 2692; x_wconf 90' lang='lat' dir='ltr'>huius</span> <span class='ocrx_word' id='word_1_164' title='bbox 306 2627 412 2711; x_wconf 90' lang='lat' dir='ltr'>patria</span> <span class='ocrx_word' id='word_1_165' title='bbox 433 2646 453 2690; x_wconf 91' lang='lat' dir='ltr'>a</span> <span class='ocrx_word' id='word_1_166' title='bbox 476 2625 614 2709; x_wconf 81' lang='lat' dir='ltr'>Corippo</span> <span class='ocrx_word' id='word_1_167' title='bbox 637 2625 708 2710; x_wconf 94' lang='lat' dir='ltr'>ipso</span> <span class='ocrx_word' id='word_1_168' title='bbox 736 2624 814 2708; x_wconf 80' lang='lat' dir='ltr'>(Ioh.</span> <span class='ocrx_word' id='word_1_169' title='bbox 832 2625 865 2689; x_wconf 87' lang='grc' dir='ltr'>Η</span> <span class='ocrx_word' id='word_1_170' title='bbox 883 2629 954 2707; x_wconf 83' lang='grc'><strong>117)</strong></span> <span class='ocrx_word' id='word_1_171' title='bbox 982 2646 1045 2691; x_wconf 93' lang='lat' dir='ltr'>non</span> <span class='ocrx_word' id='word_1_172' title='bbox 1069 2625 1226 2707; x_wconf 79' lang='lat' dir='ltr'>Gadaiae,</span> <span class='ocrx_word' id='word_1_173' title='bbox 1254 2623 1313 2690; x_wconf 91' lang='lat' dir='ltr'>scd</span> <span class='ocrx_word' id='word_1_174' title='bbox 1329 2624 1474 2691; x_wconf 75' lang='lat' dir='ltr'>Gadahis</span> <span class='ocrx_word' id='word_1_175' title='bbox 1497 2635 1639 2692; x_wconf 88' lang='lat' dir='ltr'>vocatur.</span> <span class='ocrx_word' id='word_1_176' title='bbox 1678 2626 1822 2692; x_wconf 84' lang='lat' dir='ltr'>Tauxier</span> 
     </span>
     <span class='ocr_line' id='line_1_20' title="bbox 188 2743 1820 2831; baseline -0.001 -19"><span class='ocrx_word' id='word_1_177' title='bbox 188 2745 343 2831; x_wconf 91' lang='lat' dir='ltr'>oppidum</span> <span class='ocrx_word' id='word_1_178' title='bbox 378 2745 466 2812; x_wconf 84' lang='lat' dir='ltr'>Ghat</span> <span class='ocrx_word' id='word_1_179' title='bbox 502 2746 570 2828; x_wconf 84' lang='lat'>(28⁰</span> <span class='ocrx_word' id='word_1_180' title='bbox 591 2745 679 2829; x_wconf 89' lang='lat' dir='ltr'>long.</span> <span class='ocrx_word' id='word_1_181' title='bbox 706 2765 751 2810; x_wconf 91' lang='lat' dir='ltr'>or.</span> <span class='ocrx_word' id='word_1_182' title='bbox 789 2749 846 2808; x_wconf 82' lang='lat'>250</span> <span class='ocrx_word' id='word_1_183' title='bbox 868 2745 924 2810; x_wconf 91' lang='lat' dir='ltr'>lat.</span> <span class='ocrx_word' id='word_1_184' title='bbox 957 2747 1051 2830; x_wconf 84' lang='lat' dir='ltr'>sept.)</span> <span class='ocrx_word' id='word_1_185' title='bbox 1090 2766 1110 2810; x_wconf 89' lang='lat' dir='ltr'>a</span> <span class='ocrx_word' id='word_1_186' title='bbox 1143 2743 1305 2810; x_wconf 90' lang='lat' dir='ltr'>veteribus</span> <span class='ocrx_word' id='word_1_187' title='bbox 1339 2745 1483 2810; x_wconf 86' lang='lat' dir='ltr'>Gadaias</span> <span class='ocrx_word' id='word_1_188' title='bbox 1517 2746 1714 2831; x_wconf 91' lang='lat' dir='ltr'>appellatum</span> <span class='ocrx_word' id='word_1_189' title='bbox 1747 2766 1820 2811; x_wconf 89' lang='lat' dir='ltr'>csse</span> 
     </span>
     <span class='ocr_line' id='line_1_21' title="bbox 189 2863 1820 2950; baseline 0 -20"><span class='ocrx_word' id='word_1_190' title='bbox 189 2866 444 2950; x_wconf 73' lang='lat' dir='ltr'>suspicatur171).</span> <span class='ocrx_word' id='word_1_191' title='bbox 492 2865 564 2943; x_wconf 85' lang='lat' dir='ltr'>Qua</span> <span class='ocrx_word' id='word_1_192' title='bbox 585 2864 770 2931; x_wconf 89' lang='lat' dir='ltr'>coniectura</span> <span class='ocrx_word' id='word_1_193' title='bbox 791 2885 832 2931; x_wconf 91' lang='lat' dir='ltr'>ne</span> <span class='ocrx_word' id='word_1_194' title='bbox 855 2865 928 2947; x_wconf 91' lang='lat' dir='ltr'>quis</span> <span class='ocrx_word' id='word_1_195' title='bbox 951 2863 1146 2949; x_wconf 76' lang='lat' dir='ltr'>decipiatur,</span> <span class='ocrx_word' id='word_1_196' title='bbox 1180 2864 1365 2930; x_wconf 90' lang='lat' dir='ltr'>meminisse</span> <span class='ocrx_word' id='word_1_197' title='bbox 1395 2865 1534 2932; x_wconf 84' lang='lat' dir='ltr'>sufficiet</span> <span class='ocrx_word' id='word_1_198' title='bbox 1556 2865 1643 2932; x_wconf 87' lang='lat' dir='ltr'>Ghat</span> <span class='ocrx_word' id='word_1_199' title='bbox 1672 2886 1693 2930; x_wconf 90' lang='lat' dir='ltr'>a</span> <span class='ocrx_word' id='word_1_200' title='bbox 1715 2865 1820 2949; x_wconf 85' lang='lat' dir='ltr'>Syrtis</span> 
     </span>
     <span class='ocr_line' id='line_1_22' title="bbox 189 2975 1820 3076; baseline 0.001 -28"><span class='ocrx_word' id='word_1_201' title='bbox 189 2984 320 3049; x_wconf 91' lang='lat' dir='ltr'>minoris</span> <span class='ocrx_word' id='word_1_202' title='bbox 343 2984 434 3050; x_wconf 96' lang='lat' dir='ltr'>litore</span> <span class='ocrx_word' id='word_1_203' title='bbox 457 3005 498 3048; x_wconf 91' lang='lat' dir='ltr'>m.</span> <span class='ocrx_word' id='word_1_204' title='bbox 525 3005 557 3068; x_wconf 93' lang='lat' dir='ltr'>p.</span> <span class='ocrx_word' id='word_1_205' title='bbox 584 2984 652 3050; x_wconf 86' lang='lat' dir='ltr'>fere</span> <span class='ocrx_word' id='word_1_206' title='bbox 674 2983 759 3049; x_wconf 81' lang='lat' dir='ltr'>DCL</span> <span class='ocrx_word' id='word_1_207' title='bbox 782 2985 909 3050; x_wconf 90' lang='lat' dir='ltr'>abesse.</span> <span class='ocrx_word' id='word_1_208' title='bbox 957 2985 1096 3050; x_wconf 87' lang='lat' dir='ltr'>Tantum</span> <span class='ocrx_word' id='word_1_209' title='bbox 1117 2975 1178 3050; x_wconf 89' lang='lat' dir='ltr'>iter</span> <span class='ocrx_word' id='word_1_210' title='bbox 1199 3005 1258 3050; x_wconf 89' lang='lat' dir='ltr'>neo</span> <span class='ocrx_word' id='word_1_211' title='bbox 1281 2984 1464 3049; x_wconf 90' lang='lat' dir='ltr'>Maurorum</span> <span class='ocrx_word' id='word_1_212' title='bbox 1487 2992 1611 3050; x_wconf 90' lang='lat' dir='ltr'>turmae</span> <span class='ocrx_word' id='word_1_213' title='bbox 1632 2985 1820 3076; x_wconf 88' lang='lat' dir='ltr'>innumerae</span> 
     </span>
     <span class='ocr_line' id='line_1_23' title="bbox 187 3103 1820 3194; baseline -0.001 -23"><span class='ocrx_word' id='word_1_214' title='bbox 187 3104 412 3194; x_wconf 85' lang='lat' dir='ltr'>pecudumque</span> <span class='ocrx_word' id='word_1_215' title='bbox 435 3123 550 3188; x_wconf 87' lang='lat' dir='ltr'>greges</span> <span class='ocrx_word' id='word_1_216' title='bbox 571 3104 721 3186; x_wconf 87' lang='lat' dir='ltr'>ingentes</span> <span class='ocrx_word' id='word_1_217' title='bbox 736 3103 956 3187; x_wconf 86' lang='lat' dir='ltr'>perfecissent,</span> <span class='ocrx_word' id='word_1_218' title='bbox 983 3124 1041 3170; x_wconf 93' lang='lat' dir='ltr'>neo</span> <span class='ocrx_word' id='word_1_219' title='bbox 1058 3105 1283 3188; x_wconf 88' lang='lat' dir='ltr'>Byzantiorum</span> <span class='ocrx_word' id='word_1_220' title='bbox 1299 3105 1459 3170; x_wconf 87' lang='lat' dir='ltr'>exercitus</span> <span class='ocrx_word' id='word_1_221' title='bbox 1474 3104 1681 3189; x_wconf 90' lang='lat' dir='ltr'>suscepisset.</span> <span class='ocrx_word' id='word_1_222' title='bbox 1719 3104 1820 3187; x_wconf 85' lang='lat' dir='ltr'>Equi-</span> 
     </span>
     <span class='ocr_line' id='line_1_24' title="bbox 190 3222 1819 3308; baseline 0.001 -20"><span class='ocrx_word' id='word_1_223' title='bbox 190 3223 263 3288; x_wconf 89' lang='lat' dir='ltr'>dem</span> <span class='ocrx_word' id='word_1_224' title='bbox 286 3243 349 3305; x_wconf 89' lang='lat' dir='ltr'>quo</span> <span class='ocrx_word' id='word_1_225' title='bbox 371 3222 551 3289; x_wconf 86' lang='lat' dir='ltr'>accuratius</span> <span class='ocrx_word' id='word_1_226' title='bbox 574 3242 703 3287; x_wconf 90' lang='lat' dir='ltr'>versum</span> <span class='ocrx_word' id='word_1_227' title='bbox 725 3230 824 3289; x_wconf 88' lang='lat' dir='ltr'>totum</span> <span class='ocrx_word' id='word_1_228' title='bbox 852 3224 972 3289; x_wconf 81' lang='lat' dir='ltr'>‘siccas</span> <span class='ocrx_word' id='word_1_229' title='bbox 996 3241 1149 3308; x_wconf 91' lang='lat' dir='ltr'>superare</span> <span class='ocrx_word' id='word_1_230' title='bbox 1172 3223 1330 3288; x_wconf 83' lang='lat' dir='ltr'>Gadaias&#39;</span> <span class='ocrx_word' id='word_1_231' title='bbox 1355 3224 1556 3306; x_wconf 86' lang='lat' dir='ltr'>examinavi,</span> <span class='ocrx_word' id='word_1_232' title='bbox 1590 3245 1628 3291; x_wconf 93' lang='lat' dir='ltr'>eo</span> <span class='ocrx_word' id='word_1_233' title='bbox 1650 3224 1755 3290; x_wconf 89' lang='lat' dir='ltr'>minus</span> <span class='ocrx_word' id='word_1_234' title='bbox 1778 3224 1819 3290; x_wconf 91' lang='lat' dir='ltr'>de</span> 
     </span>
     <span class='ocr_line' id='line_1_25' title="bbox 189 3342 1820 3428; baseline 0 -20"><span class='ocrx_word' id='word_1_235' title='bbox 189 3343 307 3428; x_wconf 93' lang='lat' dir='ltr'>oppido</span> <span class='ocrx_word' id='word_1_236' title='bbox 329 3343 396 3407; x_wconf 93' lang='lat' dir='ltr'>ullo</span> <span class='ocrx_word' id='word_1_237' title='bbox 419 3343 471 3408; x_wconf 91' lang='lat' dir='ltr'>hic</span> <span class='ocrx_word' id='word_1_238' title='bbox 493 3342 592 3408; x_wconf 90' lang='lat' dir='ltr'>verba</span> <span class='ocrx_word' id='word_1_239' title='bbox 614 3343 721 3409; x_wconf 86' lang='lat' dir='ltr'>facere</span> <span class='ocrx_word' id='word_1_240' title='bbox 743 3350 871 3428; x_wconf 73' lang='lat' dir='ltr'>potitam</span> <span class='ocrx_word' id='word_1_241' title='bbox 903 3342 1036 3408; x_wconf 89' lang='lat' dir='ltr'>credidi.</span> <span class='ocrx_word' id='word_1_242' title='bbox 1083 3345 1227 3428; x_wconf 82' lang='lat' dir='ltr'>Apparet</span> <span class='ocrx_word' id='word_1_243' title='bbox 1256 3344 1340 3410; x_wconf 93' lang='lat' dir='ltr'>enim</span> <span class='ocrx_word' id='word_1_244' title='bbox 1372 3345 1570 3409; x_wconf 86' lang='lat' dir='ltr'>desertorum</span> <span class='ocrx_word' id='word_1_245' title='bbox 1599 3345 1692 3427; x_wconf 90' lang='lat' dir='ltr'>quasi</span> <span class='ocrx_word' id='word_1_246' title='bbox 1721 3345 1820 3410; x_wconf 90' lang='lat' dir='ltr'>limen</span> 
     </span>
     <span class='ocr_line' id='line_1_26' title="bbox 189 3462 1820 3548; baseline 0.001 -20"><span class='ocrx_word' id='word_1_247' title='bbox 189 3463 349 3546; x_wconf 88' lang='lat' dir='ltr'>quoddam</span> <span class='ocrx_word' id='word_1_248' title='bbox 373 3462 425 3527; x_wconf 92' lang='lat' dir='ltr'>hio</span> <span class='ocrx_word' id='word_1_249' title='bbox 447 3463 611 3544; x_wconf 86' lang='lat' dir='ltr'>denotari,</span> <span class='ocrx_word' id='word_1_250' title='bbox 641 3483 703 3546; x_wconf 92' lang='lat' dir='ltr'>quo</span> <span class='ocrx_word' id='word_1_251' title='bbox 726 3471 875 3548; x_wconf 86' lang='lat' dir='ltr'>superato</span> <span class='ocrx_word' id='word_1_252' title='bbox 898 3463 1070 3529; x_wconf 89' lang='lat' dir='ltr'>mediisin</span> <span class='ocrx_word' id='word_1_253' title='bbox 1093 3463 1223 3529; x_wconf 89' lang='lat' dir='ltr'>harenis</span> <span class='ocrx_word' id='word_1_254' title='bbox 1245 3463 1406 3547; x_wconf 84' lang='lat' dir='ltr'>fugientes</span> <span class='ocrx_word' id='word_1_255' title='bbox 1428 3471 1605 3530; x_wconf 88' lang='lat' dir='ltr'>versentur.</span> <span class='ocrx_word' id='word_1_256' title='bbox 1652 3464 1720 3530; x_wconf 90' lang='lat' dir='ltr'>Iam</span> <span class='ocrx_word' id='word_1_257' title='bbox 1744 3484 1820 3530; x_wconf 91' lang='lat' dir='ltr'>vero</span> 
     </span>
     <span class='ocr_line' id='line_1_27' title="bbox 189 3582 1819 3668; baseline 0.002 -22"><span class='ocrx_word' id='word_1_258' title='bbox 189 3583 319 3648; x_wconf 90' lang='lat' dir='ltr'>Henrioi</span> <span class='ocrx_word' id='word_1_259' title='bbox 342 3583 523 3666; x_wconf 85' lang='lat' dir='ltr'>Duveyrier</span> <span class='ocrx_word' id='word_1_260' title='bbox 545 3582 661 3647; x_wconf 90' lang='lat' dir='ltr'>librum</span> <span class='ocrx_word' id='word_1_261' title='bbox 682 3582 775 3648; x_wconf 90' lang='lat' dir='ltr'>illum</span> <span class='ocrx_word' id='word_1_262' title='bbox 797 3583 964 3667; x_wconf 84' lang='lat' dir='ltr'>egregium</span> <span class='ocrx_word' id='word_1_263' title='bbox 987 3590 1207 3668; x_wconf 89' lang='lat' dir='ltr'>perscrutans,</span> <span class='ocrx_word' id='word_1_264' title='bbox 1239 3583 1273 3646; x_wconf 96' lang='lat' dir='ltr'>in</span> <span class='ocrx_word' id='word_1_265' title='bbox 1304 3604 1366 3666; x_wconf 93' lang='lat' dir='ltr'>quo</span> <span class='ocrx_word' id='word_1_266' title='bbox 1389 3584 1606 3665; x_wconf 89' lang='lat' dir='ltr'>desertorum,</span> <span class='ocrx_word' id='word_1_267' title='bbox 1640 3583 1819 3666; x_wconf 88' lang='lat' dir='ltr'>dequibus</span> 
     </span>
     <span class='ocr_line' id='line_1_28' title="bbox 188 3700 1819 3786; baseline 0.001 -19"><span class='ocrx_word' id='word_1_268' title='bbox 188 3702 240 3767; x_wconf 89' lang='lat' dir='ltr'>hio</span> <span class='ocrx_word' id='word_1_269' title='bbox 262 3700 379 3785; x_wconf 88' lang='lat' dir='ltr'>agitur,</span> <span class='ocrx_word' id='word_1_270' title='bbox 406 3701 519 3767; x_wconf 90' lang='lat' dir='ltr'>notitia</span> <span class='ocrx_word' id='word_1_271' title='bbox 540 3708 607 3766; x_wconf 87' lang='lat' dir='ltr'>tota</span> <span class='ocrx_word' id='word_1_272' title='bbox 630 3701 697 3767; x_wconf 87' lang='lat' dir='ltr'>fere</span> <span class='ocrx_word' id='word_1_273' title='bbox 719 3702 839 3784; x_wconf 91' lang='lat' dir='ltr'>nititur,</span> <span class='ocrx_word' id='word_1_274' title='bbox 864 3703 898 3767; x_wconf 93' lang='lat' dir='ltr'>in</span> <span class='ocrx_word' id='word_1_275' title='bbox 920 3703 1062 3768; x_wconf 87' lang='lat' dir='ltr'>harenae</span> <span class='ocrx_word' id='word_1_276' title='bbox 1084 3703 1278 3768; x_wconf 89' lang='lat' dir='ltr'>tumulorum</span> <span class='ocrx_word' id='word_1_277' title='bbox 1307 3703 1456 3786; x_wconf 71' lang='lat' dir='ltr'>(horren),</span> <span class='ocrx_word' id='word_1_278' title='bbox 1482 3704 1598 3786; x_wconf 89' lang='lat' dir='ltr'>quibus</span> <span class='ocrx_word' id='word_1_279' title='bbox 1621 3705 1819 3769; x_wconf 90' lang='lat' dir='ltr'>desertorum</span> 
     </span>
     <span class='ocr_line' id='line_1_29' title="bbox 189 3821 1818 3908; baseline 0.001 -21"><span class='ocrx_word' id='word_1_280' title='bbox 189 3822 317 3887; x_wconf 91' lang='lat' dir='ltr'>illorum</span> <span class='ocrx_word' id='word_1_281' title='bbox 339 3841 415 3906; x_wconf 91' lang='lat' dir='ltr'>pars</span> <span class='ocrx_word' id='word_1_282' title='bbox 437 3841 556 3905; x_wconf 88' lang='lat' dir='ltr'>magna</span> <span class='ocrx_word' id='word_1_283' title='bbox 578 3822 702 3905; x_wconf 89' lang='lat' dir='ltr'>repleta</span> <span class='ocrx_word' id='word_1_284' title='bbox 724 3831 784 3906; x_wconf 88' lang='lat' dir='ltr'>est,</span> <span class='ocrx_word' id='word_1_285' title='bbox 811 3821 1059 3908; x_wconf 89' lang='lat' dir='ltr'>descriptionem</span> <span class='ocrx_word' id='word_1_286' title='bbox 1081 3822 1181 3888; x_wconf 90' lang='lat' dir='ltr'>incidi</span> <span class='ocrx_word' id='word_1_287' title='bbox 1192 3825 1256 3907; x_wconf 79' lang='lat'><strong>¹⁷²).</strong></span> <span class='ocrx_word' id='word_1_288' title='bbox 1304 3823 1435 3888; x_wconf 88' lang='lat' dir='ltr'>Tumuli</span> <span class='ocrx_word' id='word_1_289' title='bbox 1456 3823 1550 3906; x_wconf 88' lang='lat' dir='ltr'>tales,</span> <span class='ocrx_word' id='word_1_290' title='bbox 1576 3823 1632 3905; x_wconf 90' lang='lat' dir='ltr'>qui</span> <span class='ocrx_word' id='word_1_291' title='bbox 1653 3832 1818 3890; x_wconf 87' lang='lat' dir='ltr'>ventorum</span> 
     </span>
     <span class='ocr_line' id='line_1_30' title="bbox 186 3940 1818 4027; baseline 0.001 -21"><span class='ocrx_word' id='word_1_292' title='bbox 186 3941 219 4006; x_wconf 94' lang='lat' dir='ltr'>vi</span> <span class='ocrx_word' id='word_1_293' title='bbox 241 3946 482 4023; x_wconf 85' lang='lat' dir='ltr'>coacervantur,</span> <span class='ocrx_word' id='word_1_294' title='bbox 507 3940 679 4024; x_wconf 85' lang='lat' dir='ltr'>agitantur,</span> <span class='ocrx_word' id='word_1_295' title='bbox 705 3943 942 4027; x_wconf 91' lang='lat' dir='ltr'>propulsantur,</span> <span class='ocrx_word' id='word_1_296' title='bbox 968 3940 1056 4027; x_wconf 89' lang='lat' dir='ltr'>apud</span> <span class='ocrx_word' id='word_1_297' title='bbox 1070 3941 1252 4007; x_wconf 86' lang='lat' dir='ltr'>Maurorum</span> <span class='ocrx_word' id='word_1_298' title='bbox 1275 3951 1388 4026; x_wconf 83' lang='lat' dir='ltr'>gentas</span> <span class='ocrx_word' id='word_1_299' title='bbox 1410 3943 1581 4009; x_wconf 89' lang='lat' dir='ltr'>nonnullas</span> <span class='ocrx_word' id='word_1_300' title='bbox 1608 3943 1654 4008; x_wconf 87' lang='lat' dir='ltr'>‘el</span> <span class='ocrx_word' id='word_1_301' title='bbox 1677 3942 1818 4026; x_wconf 78' lang='lat' dir='ltr'>guedea’</span> 
     </span>
     <span class='ocr_line' id='line_1_31' title="bbox 188 4060 1820 4147; baseline 0.001 -22"><span class='ocrx_word' id='word_1_302' title='bbox 188 4062 257 4142; x_wconf 91' lang='lat' dir='ltr'>vel,</span> <span class='ocrx_word' id='word_1_303' title='bbox 288 4068 323 4126; x_wconf 89' lang='lat' dir='ltr'>ut</span> <span class='ocrx_word' id='word_1_304' title='bbox 344 4060 573 4144; x_wconf 87' lang='lat' dir='ltr'>orthographia</span> <span class='ocrx_word' id='word_1_305' title='bbox 594 4060 788 4128; x_wconf 84' lang='lat' dir='ltr'>Germanica</span> <span class='ocrx_word' id='word_1_306' title='bbox 809 4069 898 4145; x_wconf 90' lang='lat' dir='ltr'>utar,</span> <span class='ocrx_word' id='word_1_307' title='bbox 934 4061 1068 4145; x_wconf 82' lang='lat' dir='ltr'>‘godes’</span> <span class='ocrx_word' id='word_1_308' title='bbox 1092 4061 1200 4127; x_wconf 85' lang='lat' dir='ltr'>vocari</span> <span class='ocrx_word' id='word_1_309' title='bbox 1223 4062 1336 4129; x_wconf 91' lang='lat' dir='ltr'>solent.</span> <span class='ocrx_word' id='word_1_310' title='bbox 1384 4063 1501 4127; x_wconf 89' lang='lat' dir='ltr'>Parum</span> <span class='ocrx_word' id='word_1_311' title='bbox 1523 4082 1575 4128; x_wconf 90' lang='lat' dir='ltr'>me</span> <span class='ocrx_word' id='word_1_312' title='bbox 1596 4063 1734 4147; x_wconf 89' lang='lat' dir='ltr'>peritum</span> <span class='ocrx_word' id='word_1_313' title='bbox 1757 4063 1820 4127; x_wconf 93' lang='lat' dir='ltr'>lin-</span> 
     </span>
     <span class='ocr_line' id='line_1_32' title="bbox 189 4179 1819 4264; baseline 0 -18"><span class='ocrx_word' id='word_1_314' title='bbox 189 4201 274 4264; x_wconf 90' lang='lat' dir='ltr'>guae</span> <span class='ocrx_word' id='word_1_315' title='bbox 288 4180 451 4246; x_wconf 86' lang='lat' dir='ltr'>Mauricae</span> <span class='ocrx_word' id='word_1_316' title='bbox 473 4199 545 4245; x_wconf 91' lang='lat' dir='ltr'>csse</span> <span class='ocrx_word' id='word_1_317' title='bbox 567 4179 680 4262; x_wconf 84' lang='lat' dir='ltr'>fateor,</span> <span class='ocrx_word' id='word_1_318' title='bbox 707 4202 802 4264; x_wconf 90' lang='lat' dir='ltr'>quam</span> <span class='ocrx_word' id='word_1_319' title='bbox 825 4189 861 4247; x_wconf 92' lang='lat' dir='ltr'>ut</span> <span class='ocrx_word' id='word_1_320' title='bbox 883 4181 945 4247; x_wconf 90' lang='lat' dir='ltr'>hac</span> <span class='ocrx_word' id='word_1_321' title='bbox 965 4182 1077 4247; x_wconf 90' lang='lat' dir='ltr'>notula</span> <span class='ocrx_word' id='word_1_322' title='bbox 1092 4181 1193 4248; x_wconf 83' lang='lat' dir='ltr'>fretus</span> <span class='ocrx_word' id='word_1_323' title='bbox 1219 4181 1397 4247; x_wconf 83' lang='lat' dir='ltr'>‘Gadaias’</span> <span class='ocrx_word' id='word_1_324' title='bbox 1419 4183 1494 4247; x_wconf 88' lang='lat' dir='ltr'>illas</span> <span class='ocrx_word' id='word_1_325' title='bbox 1517 4181 1658 4248; x_wconf 90' lang='lat' dir='ltr'>harenae</span> <span class='ocrx_word' id='word_1_326' title='bbox 1679 4183 1819 4248; x_wconf 89' lang='lat' dir='ltr'>tumulos</span> 
     </span>
     <span class='ocr_line' id='line_1_33' title="bbox 188 4300 1819 4386; baseline 0.001 -21"><span class='ocrx_word' id='word_1_327' title='bbox 188 4301 330 4385; x_wconf 90' lang='lat' dir='ltr'>regionis</span> <span class='ocrx_word' id='word_1_328' title='bbox 358 4301 505 4365; x_wconf 89' lang='lat' dir='ltr'>desertae</span> <span class='ocrx_word' id='word_1_329' title='bbox 533 4319 606 4366; x_wconf 90' lang='lat' dir='ltr'>esse</span> <span class='ocrx_word' id='word_1_330' title='bbox 635 4300 837 4366; x_wconf 88' lang='lat' dir='ltr'>contendam.</span> <span class='ocrx_word' id='word_1_331' title='bbox 883 4303 1007 4367; x_wconf 86' lang='lat' dir='ltr'>Tamen</span> <span class='ocrx_word' id='word_1_332' title='bbox 1036 4301 1070 4366; x_wconf 91' lang='lat' dir='ltr'>in</span> <span class='ocrx_word' id='word_1_333' title='bbox 1085 4320 1132 4367; x_wconf 91' lang='lat' dir='ltr'>re</span> <span class='ocrx_word' id='word_1_334' title='bbox 1161 4301 1351 4386; x_wconf 88' lang='lat' dir='ltr'>desperata,</span> <span class='ocrx_word' id='word_1_335' title='bbox 1383 4301 1461 4384; x_wconf 89' lang='lat' dir='ltr'>quin</span> <span class='ocrx_word' id='word_1_336' title='bbox 1489 4300 1630 4367; x_wconf 90' lang='lat' dir='ltr'>virorum</span> <span class='ocrx_word' id='word_1_337' title='bbox 1655 4302 1819 4367; x_wconf 89' lang='lat' dir='ltr'>doctorum</span> 
     </span>
     <span class='ocr_line' id='line_1_34' title="bbox 187 4418 1486 4506; baseline -0.002 -19"><span class='ocrx_word' id='word_1_338' title='bbox 187 4422 295 4487; x_wconf 89' lang='lat' dir='ltr'>oculos</span> <span class='ocrx_word' id='word_1_339' title='bbox 317 4421 351 4486; x_wconf 94' lang='lat' dir='ltr'>in</span> <span class='ocrx_word' id='word_1_340' title='bbox 373 4419 535 4484; x_wconf 91' lang='lat' dir='ltr'>nominum</span> <span class='ocrx_word' id='word_1_341' title='bbox 558 4419 799 4486; x_wconf 88' lang='lat' dir='ltr'>similitudinem</span> <span class='ocrx_word' id='word_1_342' title='bbox 821 4420 911 4486; x_wconf 90' lang='lat' dir='ltr'>illam</span> <span class='ocrx_word' id='word_1_343' title='bbox 934 4418 1145 4502; x_wconf 86' lang='lat' dir='ltr'>adverterem,</span> <span class='ocrx_word' id='word_1_344' title='bbox 1172 4421 1280 4488; x_wconf 88' lang='lat' dir='ltr'>faeere</span> <span class='ocrx_word' id='word_1_345' title='bbox 1301 4441 1366 4486; x_wconf 91' lang='lat' dir='ltr'>non</span> <span class='ocrx_word' id='word_1_346' title='bbox 1387 4421 1486 4506; x_wconf 89' lang='lat' dir='ltr'>potui.</span> 
     </span>
    </p>

    <p class='ocr_par' dir='ltr' id='par_1_8' title="bbox 188 4536 1821 4982">
     <span class='ocr_line' id='line_1_35' title="bbox 275 4536 1820 4626; baseline -0.002 -19"><span class='ocrx_word' id='word_1_347' title='bbox 275 4541 424 4607; x_wconf 80' lang='lat' dir='ltr'>Ceterum</span> <span class='ocrx_word' id='word_1_348' title='bbox 454 4557 550 4621; x_wconf 89' lang='lat' dir='ltr'>quam</span> <span class='ocrx_word' id='word_1_349' title='bbox 580 4536 779 4605; x_wconf 88' lang='lat' dir='ltr'>desertorum</span> <span class='ocrx_word' id='word_1_350' title='bbox 807 4540 841 4605; x_wconf 85' lang='lat' dir='ltr'>in</span> <span class='ocrx_word' id='word_1_351' title='bbox 869 4546 992 4625; x_wconf 89' lang='lat' dir='ltr'>partem</span> <span class='ocrx_word' id='word_1_352' title='bbox 1022 4540 1133 4626; x_wconf 91' lang='lat' dir='ltr'>populi</span> <span class='ocrx_word' id='word_1_353' title='bbox 1155 4539 1274 4624; x_wconf 88' lang='lat' dir='ltr'>Syrtiei</span> <span class='ocrx_word' id='word_1_354' title='bbox 1295 4540 1357 4624; x_wconf 92' lang='lat' dir='ltr'>ipsi</span> <span class='ocrx_word' id='word_1_355' title='bbox 1380 4541 1572 4606; x_wconf 90' lang='lat' dir='ltr'>recesserint</span> <span class='ocrx_word' id='word_1_356' title='bbox 1593 4549 1626 4606; x_wconf 92' lang='lat' dir='ltr'>et</span> <span class='ocrx_word' id='word_1_357' title='bbox 1648 4541 1820 4624; x_wconf 81' lang='lat' dir='ltr'>Byzantios</span> 
     </span>
     <span class='ocr_line' id='line_1_36' title="bbox 188 4657 1821 4741; baseline 0.001 -16"><span class='ocrx_word' id='word_1_358' title='bbox 188 4659 367 4741; x_wconf 84' lang='lat' dir='ltr'>illexerint,</span> <span class='ocrx_word' id='word_1_359' title='bbox 404 4657 544 4723; x_wconf 90' lang='lat' dir='ltr'>dubitari</span> <span class='ocrx_word' id='word_1_360' title='bbox 573 4658 694 4740; x_wconf 88' lang='lat' dir='ltr'>nequit.</span> <span class='ocrx_word' id='word_1_361' title='bbox 746 4659 826 4724; x_wconf 82' lang='lat' dir='ltr'>Cum</span> <span class='ocrx_word' id='word_1_362' title='bbox 854 4660 939 4725; x_wconf 89' lang='lat' dir='ltr'>enim</span> <span class='ocrx_word' id='word_1_363' title='bbox 969 4659 1012 4724; x_wconf 92' lang='lat' dir='ltr'>ad</span> <span class='ocrx_word' id='word_1_364' title='bbox 1041 4679 1129 4725; x_wconf 90' lang='lat' dir='ltr'>oram</span> <span class='ocrx_word' id='word_1_365' title='bbox 1158 4659 1350 4726; x_wconf 89' lang='lat' dir='ltr'>maritimam</span> <span class='ocrx_word' id='word_1_366' title='bbox 1378 4659 1432 4723; x_wconf 90' lang='lat' dir='ltr'>via</span> <span class='ocrx_word' id='word_1_367' title='bbox 1460 4666 1548 4725; x_wconf 84' lang='lat' dir='ltr'>recta</span> <span class='ocrx_word' id='word_1_368' title='bbox 1574 4679 1723 4726; x_wconf 89' lang='lat' dir='ltr'>reversus</span> <span class='ocrx_word' id='word_1_369' title='bbox 1746 4669 1821 4726; x_wconf 57' lang='lat' dir='ltr'>‘sta-</span> 
     </span>
     <span class='ocr_line' id='line_1_37' title="bbox 189 4776 1821 4864; baseline -0.001 -18"><span class='ocrx_word' id='word_1_370' title='bbox 189 4779 246 4846; x_wconf 90' lang='lat' dir='ltr'>tim</span> <span class='ocrx_word' id='word_1_371' title='bbox 270 4777 373 4862; x_wconf 88' lang='lat' dir='ltr'>Syrtis</span> <span class='ocrx_word' id='word_1_372' title='bbox 401 4776 532 4842; x_wconf 90' lang='lat' dir='ltr'>minoris</span> <span class='ocrx_word' id='word_1_373' title='bbox 561 4777 604 4841; x_wconf 88' lang='lat' dir='ltr'>ad</span> <span class='ocrx_word' id='word_1_374' title='bbox 634 4777 728 4842; x_wconf 91' lang='lat' dir='ltr'>litora</span> <span class='ocrx_word' id='word_1_375' title='bbox 749 4778 974 4862; x_wconf 86' lang='lat' dir='ltr'>Byzantiorum</span> <span class='ocrx_word' id='word_1_376' title='bbox 1006 4782 1164 4845; x_wconf 85' lang='lat' dir='ltr'>exercitus</span> <span class='ocrx_word' id='word_1_377' title='bbox 1186 4777 1367 4864; x_wconf 90' lang='lat' dir='ltr'>pervenerit</span> <span class='ocrx_word' id='word_1_378' title='bbox 1388 4815 1430 4824; x_wconf 89' lang='lat'>—</span> <span class='ocrx_word' id='word_1_379' title='bbox 1452 4777 1538 4861; x_wconf 95' lang='lat' dir='ltr'>quod</span> <span class='ocrx_word' id='word_1_380' title='bbox 1560 4778 1688 4861; x_wconf 89' lang='lat' dir='ltr'>quidem</span> <span class='ocrx_word' id='word_1_381' title='bbox 1711 4780 1821 4864; x_wconf 91' lang='lat' dir='ltr'>paullo</span> 
     </span>
     <span class='ocr_line' id='line_1_38' title="bbox 188 4895 1820 4982; baseline 0 -18"><span class='ocrx_word' id='word_1_382' title='bbox 188 4899 275 4968; x_wconf 84' lang='lat' dir='ltr'>infra</span> <span class='ocrx_word' id='word_1_383' title='bbox 296 4897 376 4963; x_wconf 88' lang='lat' dir='ltr'>mihi</span> <span class='ocrx_word' id='word_1_384' title='bbox 398 4895 681 4962; x_wconf 90' lang='lat' dir='ltr'>demonstrandum</span> <span class='ocrx_word' id='word_1_385' title='bbox 704 4895 765 4962; x_wconf 89' lang='lat' dir='ltr'>erit</span> <span class='ocrx_word' id='word_1_386' title='bbox 785 4933 844 4980; x_wconf 94' lang='lat'>-,</span> <span class='ocrx_word' id='word_1_387' title='bbox 876 4896 1081 4964; x_wconf 87' lang='lat' dir='ltr'>manifestum</span> <span class='ocrx_word' id='word_1_388' title='bbox 1109 4906 1159 4964; x_wconf 89' lang='lat' dir='ltr'>est</span> <span class='ocrx_word' id='word_1_389' title='bbox 1179 4919 1253 4965; x_wconf 92' lang='lat' dir='ltr'>eum</span> <span class='ocrx_word' id='word_1_390' title='bbox 1275 4897 1472 4963; x_wconf 89' lang='lat' dir='ltr'>desertorum</span> <span class='ocrx_word' id='word_1_391' title='bbox 1502 4899 1542 4980; x_wconf 85' lang='lat' dir='ltr'>(cl</span> <span class='ocrx_word' id='word_1_392' title='bbox 1563 4897 1638 4982; x_wconf 87' lang='lat' dir='ltr'>Erg)</span> <span class='ocrx_word' id='word_1_393' title='bbox 1665 4899 1820 4982; x_wconf 86' lang='lat' dir='ltr'>angulum</span> 
     </span>
    </p>
   </div>
   <div class='ocr_carea' id='block_1_7' title="bbox 190 5153 1822 5733">
    <p class='ocr_par' dir='ltr' id='par_1_9' title="bbox 277 5153 706 5218">
     <span class='ocr_line' id='line_1_39' title="bbox 277 5153 706 5218; baseline -0.002 -11"><span class='ocrx_word' id='word_1_394' title='bbox 277 5156 335 5218; x_wconf 82' lang='lat'><strong>168]</strong></span> <span class='ocrx_word' id='word_1_395' title='bbox 356 5155 411 5207; x_wconf 81' lang='lat' dir='ltr'>Gor.</span> <span class='ocrx_word' id='word_1_396' title='bbox 432 5157 487 5205; x_wconf 91' lang='lat' dir='ltr'>Ioh.</span> <span class='ocrx_word' id='word_1_397' title='bbox 506 5156 543 5204; x_wconf 84' lang='lat' dir='ltr'>vl</span> <span class='ocrx_word' id='word_1_398' title='bbox 560 5153 706 5206; x_wconf 77' lang='grc'><strong>276-191.</strong></span> 
     </span>
    </p>

    <p class='ocr_par' dir='ltr' id='par_1_10' title="bbox 278 5239 705 5304">
     <span class='ocr_line' id='line_1_40' title="bbox 278 5239 705 5304; baseline -0.005 -12"><span class='ocrx_word' id='word_1_399' title='bbox 278 5242 334 5304; x_wconf 86' lang='grc'><strong>169)</strong></span> <span class='ocrx_word' id='word_1_400' title='bbox 358 5241 412 5292; x_wconf 79' lang='lat' dir='ltr'>Gor.</span> <span class='ocrx_word' id='word_1_401' title='bbox 432 5243 486 5291; x_wconf 89' lang='lat' dir='ltr'>loh.</span> <span class='ocrx_word' id='word_1_402' title='bbox 507 5242 543 5290; x_wconf 85' lang='lat' dir='ltr'>vl</span> <span class='ocrx_word' id='word_1_403' title='bbox 561 5239 705 5290; x_wconf 82' lang='grc'><strong>292-379.</strong></span> 
     </span>
    </p>

    <p class='ocr_par' dir='ltr' id='par_1_11' title="bbox 278 5325 706 5391">
     <span class='ocr_line' id='line_1_41' title="bbox 278 5325 706 5391; baseline -0.012 -13"><span class='ocrx_word' id='word_1_404' title='bbox 278 5329 335 5391; x_wconf 90' lang='grc'><strong>170)</strong></span> <span class='ocrx_word' id='word_1_405' title='bbox 357 5326 412 5379; x_wconf 80' lang='lat' dir='ltr'>Gor.</span> <span class='ocrx_word' id='word_1_406' title='bbox 433 5327 487 5377; x_wconf 91' lang='lat' dir='ltr'>loh.</span> <span class='ocrx_word' id='word_1_407' title='bbox 508 5327 542 5374; x_wconf 79' lang='lat' dir='ltr'>vl</span> <span class='ocrx_word' id='word_1_408' title='bbox 561 5325 706 5376; x_wconf 79' lang='grc'><strong>137-773.</strong></span> 
     </span>
    </p>

    <p class='ocr_par' dir='ltr' id='par_1_12' title="bbox 190 5407 1822 5647">
     <span class='ocr_line' id='line_1_42' title="bbox 278 5407 1822 5476; baseline -0.001 -12"><span class='ocrx_word' id='word_1_409' title='bbox 278 5413 334 5476; x_wconf 87' lang='grc'><strong>171)</strong></span> <span class='ocrx_word' id='word_1_410' title='bbox 356 5414 418 5462; x_wconf 83' lang='lat' dir='ltr'>Rev.</span> <span class='ocrx_word' id='word_1_411' title='bbox 439 5413 493 5463; x_wconf 76' lang='lat' dir='ltr'>Atr.</span> <span class='ocrx_word' id='word_1_412' title='bbox 515 5413 576 5462; x_wconf 84' lang='lat' dir='ltr'>xxl</span> <span class='ocrx_word' id='word_1_413' title='bbox 596 5410 660 5462; x_wconf 90' lang='grc'><strong>1877</strong></span> <span class='ocrx_word' id='word_1_414' title='bbox 680 5425 705 5472; x_wconf 89' lang='lat' dir='ltr'>p.</span> <span class='ocrx_word' id='word_1_415' title='bbox 729 5411 786 5462; x_wconf 92' lang='grc'><strong>188.</strong></span> <span class='ocrx_word' id='word_1_416' title='bbox 824 5413 873 5462; x_wconf 82' lang='lat' dir='ltr'>Les</span> <span class='ocrx_word' id='word_1_417' title='bbox 891 5413 988 5462; x_wconf 74' lang='lat' dir='ltr'>Lunata</span> <span class='ocrx_word' id='word_1_418' title='bbox 1010 5409 1195 5462; x_wconf 76' lang='lat' dir='ltr'>s&#39;ensoneerent</span> <span class='ocrx_word' id='word_1_419' title='bbox 1213 5413 1275 5461; x_wconf 75' lang='lat' dir='ltr'>dans</span> <span class='ocrx_word' id='word_1_420' title='bbox 1292 5412 1329 5460; x_wconf 89' lang='lat' dir='ltr'>les</span> <span class='ocrx_word' id='word_1_421' title='bbox 1348 5409 1470 5460; x_wconf 87' lang='lat' dir='ltr'>solitudes</span> <span class='ocrx_word' id='word_1_422' title='bbox 1488 5407 1619 5460; x_wconf 75' lang='lat' dir='ltr'>brtilentes</span> <span class='ocrx_word' id='word_1_423' title='bbox 1637 5412 1671 5461; x_wconf 89' lang='lat' dir='ltr'>du</span> <span class='ocrx_word' id='word_1_424' title='bbox 1690 5414 1768 5472; x_wconf 88' lang='lat' dir='ltr'>midi,</span> <span class='ocrx_word' id='word_1_425' title='bbox 1795 5422 1822 5463; x_wconf 86' lang='lat' dir='ltr'>et</span> 
     </span>
     <span class='ocr_line' id='line_1_43' title="bbox 190 5495 1820 5561; baseline -0.002 -12"><span class='ocrx_word' id='word_1_426' title='bbox 190 5514 218 5548; x_wconf 84' lang='lat' dir='ltr'>ce</span> <span class='ocrx_word' id='word_1_427' title='bbox 235 5501 277 5549; x_wconf 83' lang='lat' dir='ltr'>lut</span> <span class='ocrx_word' id='word_1_428' title='bbox 294 5499 375 5549; x_wconf 75' lang='lat' dir='ltr'>arture</span> <span class='ocrx_word' id='word_1_429' title='bbox 393 5512 444 5548; x_wconf 86' lang='lat' dir='ltr'>eux</span> <span class='ocrx_word' id='word_1_430' title='bbox 462 5499 508 5561; x_wconf 86' lang='lat' dir='ltr'>qui</span> <span class='ocrx_word' id='word_1_431' title='bbox 525 5500 600 5546; x_wconf 80' lang='lat' dir='ltr'>fluent</span> <span class='ocrx_word' id='word_1_432' title='bbox 618 5495 747 5546; x_wconf 72' lang='lat' dir='ltr'>connsitro</span> <span class='ocrx_word' id='word_1_433' title='bbox 765 5511 815 5546; x_wconf 79' lang='lat' dir='ltr'>eux</span> <span class='ocrx_word' id='word_1_434' title='bbox 833 5498 986 5560; x_wconf 73' lang='lat' dir='ltr'>geographos</span> <span class='ocrx_word' id='word_1_435' title='bbox 1004 5499 1111 5547; x_wconf 71' lang='lat' dir='ltr'>rumeins</span> <span class='ocrx_word' id='word_1_436' title='bbox 1128 5498 1153 5546; x_wconf 75' lang='lat' dir='ltr'>le</span> <span class='ocrx_word' id='word_1_437' title='bbox 1168 5498 1227 5546; x_wconf 86' lang='lat' dir='ltr'>ville</span> <span class='ocrx_word' id='word_1_438' title='bbox 1240 5498 1361 5546; x_wconf 80' lang='lat' dir='ltr'>loluteine</span> <span class='ocrx_word' id='word_1_439' title='bbox 1374 5497 1406 5547; x_wconf 88' lang='lat' dir='ltr'>de</span> <span class='ocrx_word' id='word_1_440' title='bbox 1418 5495 1527 5546; x_wconf 74' lang='lat' dir='ltr'>Gadeira</span> <span class='ocrx_word' id='word_1_441' title='bbox 1548 5497 1718 5557; x_wconf 78' lang='lat' dir='ltr'>(aujourd’hui</span> <span class='ocrx_word' id='word_1_442' title='bbox 1732 5498 1820 5561; x_wconf 78' lang='lat' dir='ltr'>Ghit),</span> 
     </span>
     <span class='ocr_line' id='line_1_44' title="bbox 190 5583 669 5647; baseline -0.004 -15"><span class='ocrx_word' id='word_1_443' title='bbox 190 5586 316 5634; x_wconf 85' lang='lat' dir='ltr'>inconune</span> <span class='ocrx_word' id='word_1_444' title='bbox 330 5587 426 5647; x_wconf 75' lang='lat' dir='ltr'>jusque</span> <span class='ocrx_word' id='word_1_445' title='bbox 442 5585 467 5632; x_wconf 81' lang='lat' dir='ltr'>M</span> <span class='ocrx_word' id='word_1_446' title='bbox 485 5587 499 5632; x_wconf 78' lang='grc'><strong>1</strong></span> <span class='ocrx_word' id='word_1_447' title='bbox 516 5583 669 5646; x_wconf 75' lang='lat' dir='ltr'>l&#39;untiqulte.</span> 
     </span>
    </p>

    <p class='ocr_par' dir='ltr' id='par_1_13' title="bbox 280 5665 1751 5733">
     <span class='ocr_line' id='line_1_45' title="bbox 280 5665 1751 5733; baseline -0.001 -14"><span class='ocrx_word' id='word_1_448' title='bbox 280 5669 337 5733; x_wconf 85' lang='grc'><strong>172)</strong></span> <span class='ocrx_word' id='word_1_449' title='bbox 357 5669 443 5730; x_wconf 79' lang='lat' dir='ltr'>Heury</span> <span class='ocrx_word' id='word_1_450' title='bbox 462 5670 602 5730; x_wconf 80' lang='lat' dir='ltr'>Daveyrler</span> <span class='ocrx_word' id='word_1_451' title='bbox 620 5669 782 5731; x_wconf 77' lang='lat' dir='ltr'>Exploration</span> <span class='ocrx_word' id='word_1_452' title='bbox 801 5669 835 5717; x_wconf 89' lang='lat' dir='ltr'>dn</span> <span class='ocrx_word' id='word_1_453' title='bbox 856 5669 955 5718; x_wconf 71' lang='lat' dir='ltr'>Schera.</span> <span class='ocrx_word' id='word_1_454' title='bbox 975 5667 1052 5718; x_wconf 81' lang='lat' dir='ltr'>Time</span> <span class='ocrx_word' id='word_1_455' title='bbox 1070 5669 1091 5719; x_wconf 94' lang='lat'>1.</span> <span class='ocrx_word' id='word_1_456' title='bbox 1129 5669 1178 5716; x_wconf 86' lang='lat' dir='ltr'>Les</span> <span class='ocrx_word' id='word_1_457' title='bbox 1197 5668 1309 5729; x_wconf 61' lang='lat' dir='ltr'>Tenues</span> <span class='ocrx_word' id='word_1_458' title='bbox 1326 5668 1361 5716; x_wconf 85' lang='lat' dir='ltr'>dn</span> <span class='ocrx_word' id='word_1_459' title='bbox 1379 5666 1445 5715; x_wconf 85' lang='lat' dir='ltr'>Nord</span> <span class='ocrx_word' id='word_1_460' title='bbox 1462 5667 1532 5714; x_wconf 75' lang='lat' dir='ltr'>Paris</span> <span class='ocrx_word' id='word_1_461' title='bbox 1553 5665 1617 5716; x_wconf 88' lang='grc'><strong>1865</strong></span> <span class='ocrx_word' id='word_1_462' title='bbox 1636 5682 1662 5730; x_wconf 85' lang='lat' dir='ltr'>p.</span> <span class='ocrx_word' id='word_1_463' title='bbox 1683 5670 1751 5731; x_wconf 87' lang='lat' dir='ltr'>5sq.</span> 
     </span>
    </p>
   </div>
   <div class='ocr_carea' id='block_1_8' title="bbox 0 0 2280 6420">
    <p class='ocr_par' dir='ltr' id='par_1_14' title="bbox 0 0 2280 6420">
     <span class='ocr_line' id='line_1_46' title="bbox 0 0 2280 6420; baseline 0 0"><span class='ocrx_word' id='word_1_464' title='bbox 0 0 2280 6420; x_wconf 95' lang='lat' dir='ltr'> </span> 
     </span>
    </p>
   </div>
  </div>
 </body>
</html>
