4508 6434
749 445 980 507 iOlithllDOS
998 449 1069 508 LlB.
1091 449 1141 509 IV.
1161 449 1195 509 V.
1219 449 1286 518 (Ν).

594 638 735 722 assurgit
756 641 861 706 laetus
883 661 999 725 magno
1022 642 1160 708 clamore
1183 644 1338 726 magister

594 741 766 806 exhortans
790 743 909 824 socios,
936 765 1075 829 puppem
1099 746 1254 812 convertit
1276 754 1309 812 et
1329 748 1445 826 altam⁷

593 844 730 927 velaque
753 846 890 930 placatis
912 846 1049 913 intendit
1071 857 1224 932 prospera
1245 849 1368 915 nautis:

593 947 640 1012 sic
663 949 763 1014 uictos
786 950 921 1034 populos
943 949 1125 1036 praefectus
1147 971 1225 1016 uoce
1249 951 1380 1034 refecit,

593 1056 689 1133 atquc
712 1057 817 1116 truces
840 1052 963 1117 animos
985 1053 1092 1117 verbis
1114 1053 1157 1118 ad
1179 1054 1302 1138 proelia
1323 1056 1423 1120 torsit.

680 1153 799 1218 Bruten
820 1155 853 1218 in
877 1153 1048 1220 adversum
1071 1157 1223 1223 contorsit
1244 1157 1365 1222 missile
1388 1157 1540 1238 Paulum,

592 1275 711 1340 perque
735 1256 795 1321 viri
818 1256 958 1322 calidum
980 1258 1128 1324 transivit
1149 1260 1264 1325 lances
1286 1268 1398 1345 pectus

592 1365 666 1424 acta
687 1367 846 1442 tremens,
873 1361 1021 1445 rupitque
1044 1362 1114 1427 vias
1137 1362 1298 1447 pulmonis
1320 1363 1448 1447 anheli,

593 1468 626 1527 et
648 1462 757 1526 valido
779 1463 925 1546 geminas
948 1465 1107 1548 confregit
1129 1466 1261 1531 verbere
1284 1473 1401 1532 costas.

593 1585 669 1630 ense
693 1564 767 1631 ferit
789 1565 899 1630 Ialdas
922 1567 1108 1632 miscentem
1133 1569 1255 1652 proelia
1278 1569 1434 1653 Largum,

593 1667 726 1733 Sincera
748 1669 971 1750 Crescentem,
998 1669 1199 1735 Servandum
1222 1679 1341 1737 mactat
1363 1673 1483 1738 Ilasan.

484 1790 496 1828 r
593 1772 854 1854 Marcianumque
877 1778 990 1856 petens
1012 1771 1153 1838 infausto
1176 1774 1276 1839 Marte
1299 1775 1461 1840 tribunum

593 1874 790 1940 Hisdreusen
813 1876 947 1940 summis
970 1895 1138 1941 excussam
1163 1876 1283 1941 viribus
1306 1877 1432 1942 hastam

592 1977 700 2056 torsit,
727 1984 760 2043 et
781 1977 909 2043 adversi
932 1977 1074 2043 frontem
1091 1979 1166 2044 ferit
1187 1978 1334 2044 horridus
1355 1979 1404 2046 ira

592 2079 683 2145 fortis
707 2081 791 2163 equi.
839 2080 968 2165 sonipes
991 2081 1081 2146 letali
1106 2082 1237 2148 vulnere
1261 2083 1365 2148 victus

592 2183 724 2260 corruit,
751 2191 846 2265 atque
870 2183 996 2249 hastam
1018 2183 1116 2249 nimio
1139 2185 1198 2249 suh
1221 2186 1362 2270 pondere
1384 2185 1490 2269 fregit.

593 2285 755 2369 consurgit
776 2287 870 2351 velox
894 2308 1011 2369 magna
1034 2287 1151 2352 virtute
1172 2287 1335 2368 hibunus,

592 2390 711 2454 amisso
734 2410 793 2454 nec
815 2389 936 2456 fractus
958 2411 1040 2474 equo
1063 2383 1248 2475 campisque
1272 2392 1422 2476 pedester

591 2491 733 2556 constitit
755 2499 787 2556 ct
808 2492 905 2575 galea
928 2493 1033 2557 celsus
1056 2493 1223 2578 clipeoque
1246 2494 1383 2560 refulsit.

591 2600 625 2659 at
647 2595 734 2659 ferus
757 2594 954 2660 Hisdrcascn
976 2596 1048 2660 visu
1071 2597 1277 2662 tremefactus
1300 2598 1412 2664 eodem

591 2698 747 2762 continuit
769 2717 859 2778 sese,
886 2699 974 2763 solus
996 2705 1153 2782 temptare
1176 2720 1235 2765 nec
1258 2699 1380 2766 hostem

482 2828 494 2865 a
591 2820 690 2865 ausus
712 2809 795 2866 retro
818 2801 911 2867 redit.
960 2801 1045 2867 nudo
1068 2809 1143 2867 tunc
1166 2823 1243 2868 ense
1265 2805 1411 2869 tribunus

590 2903 780 2986 insequitur.
828 2904 981 2969 domitum
1005 2905 1125 2970 ferrata
1148 2907 1236 2972 calce
1259 2907 1400 2990 fatigans

590 3007 788 3072 llisdreasen
811 3007 962 3073 contorsit
984 3028 1119 3089 equum,
1146 3007 1331 3092 sociumque
1354 3030 1411 3095 per
1433 3031 1549 3090 agmen

590 3110 750 3193 effugiens
772 3109 918 3195 trepidus
941 3111 1051 3176 densis
1074 3131 1108 3176 se
1131 3111 1259 3177 miscuit
1280 3113 1388 3177 annis.

590 3221 625 3279 ut
646 3232 722 3278 vero
743 3213 800 3278 ille
824 3232 962 3296 sequens
984 3222 1147 3279 auctorem
1171 3215 1329 3298 attingere
1351 3215 1409 3280 teli

589 3335 652 3380 non
674 3315 792 3400 potuit,
819 3315 959 3381 medium
983 3317 1097 3382 sternit
1118 3336 1268 3382 mucrone
1291 3318 1481 3400 Merasgun.

590 3419 816 3502 Suartifanque
839 3439 938 3504 super
960 3419 1113 3500 celerem,
1140 3420 1308 3501 Montana,
1335 3420 1549 3485 Gamasrlrunr

590 3522 723 3606 eripuit,
745 3529 946 3604 mortemque
970 3522 1069 3586 miser
1091 3522 1233 3606 suscepit
1255 3523 1403 3606 lsaguas.

588 3624 664 3689 inde
687 3625 797 3689 furens
821 3624 921 3689 victor
944 3624 1037 3691 victis
1059 3624 1144 3710 rapit
1165 3624 1311 3691 hostibus
1334 3646 1424 3691 arma

588 3727 751 3808 turbidus,
778 3735 810 3792 ct
833 3727 928 3792 sociis
949 3727 1113 3810 fugientes
1135 3727 1273 3794 conserit
1294 3728 1397 3793 hastis

588 3851 663 3896 acer
685 3839 716 3895 ct
738 3829 926 3915 intrepidus.
976 3837 1160 3896 sternuntur
1182 3851 1313 3916 corpora
1335 3830 1455 3916 passim

588 3934 690 3999 densa
712 3933 814 3999 virum
837 3932 1048 4017 alipedesque
1071 3934 1181 4014 simul,
1207 3953 1286 4017 quos
1309 3933 1431 3999 missile
1454 3940 1568 3998 tortum

589 4036 729 4114 invenit,
757 4037 881 4102 medios
903 4056 980 4102 casu
1004 4035 1079 4100 dum
1103 4036 1201 4102 currit
1222 4037 1254 4101 in
1278 4036 1398 4102 hostes.

674 4146 709 4205 at
729 4140 840 4224 procul
863 4139 999 4205 Antalas
1022 4138 1108 4204 celso
1131 4138 1172 4204 de
1195 4139 1276 4204 colle
1299 4138 1432 4204 videbat

588 4243 696 4307 omnia
718 4243 926 4328 prospiciens.
973 4263 1047 4307 nam
1072 4260 1107 4307 se
1130 4241 1325 4306 committere
1348 4241 1459 4326 primis

588 4346 691 4411 noluit
711 4352 785 4411 ante
808 4345 904 4427 viris,
931 4351 1003 4410 astu
1026 4343 1085 4409 sed
1106 4344 1231 4429 proelia
1253 4351 1415 4428 temptans

588 4448 710 4513 auxilio
734 4453 886 4513 venturus
910 4453 989 4513 erat.
1037 4453 1113 4512 tunc
1135 4446 1235 4511 caede
1257 4445 1417 4512 tribunum

587 4572 651 4616 non
673 4551 748 4617 tulit
769 4551 946 4616 ardentem.
994 4549 1115 4614 Mauris
1138 4569 1320 4614 succurrere
1344 4549 1441 4616 fessis

587 4654 739 4736 incaluit,
765 4673 960 4738 sparsasque
984 4652 1070 4717 acies
1093 4652 1133 4718 de
1157 4653 1239 4717 colle
1261 4652 1386 4736 petivit.

588 4777 665 4841 ergo
687 4757 770 4821 inter
792 4755 912 4820 socium
937 4755 1090 4839 dirumpit
1113 4755 1238 4819 saevior
1259 4775 1376 4838 agmen

461 4884 492 4923 re
589 4860 849 4942 Marcianumque
871 4865 985 4943 petens
1008 4864 1130 4922 turmas
1152 4877 1210 4942 per
1233 4865 1325 4942 prata
1348 4865 1552 4940 sequentem.

589 4970 624 5029 ut
644 4963 696 5028 leo
719 4968 890 5027 venantum
913 4981 1030 5044 magno
1054 4962 1191 5026 clamore
1214 4967 1342 5025 coactus

588 5067 748 5131 montibus
771 5064 803 5129 in
826 5062 962 5146 mediis,
989 5064 1127 5130 stimulis
1150 5070 1182 5129 et
1204 5064 1337 5128 verbere
1361 5063 1484 5128 caudae

588 5189 704 5254 aspera
725 5176 818 5252 terga
840 5167 928 5233 ciens
951 5167 983 5231 in
1007 5167 1129 5251 proelia
1151 5165 1286 5231 suscitat
1308 5164 1389 5247 iras,

269 5415 318 5466 8³5
336 5418 410 5465 altam
425 5413 645 5478 Muaz.,rreean
736 5411 786 5460 836
806 5411 911 5472 rrelnque
924 5411 1027 5473 placatis
1041 5409 1130 5470 Muza,
1146 5410 1259 5472 bellaque
1271 5410 1375 5471 placidis
1391 5409 1410 5456 Τ
1505 5410 1588 5457 rrautls
1605 5409 1632 5468 Τ,
1647 5413 1732 5461 nentis
1745 5413 1824 5464 Maza.

201 5503 250 5553 837
264 5503 430 5567 preuettusT
508 5501 694 5551 Sitlcontursit
710 5499 730 5544 Τ
799 5496 977 5545 stillarent
1046 5494 1274 5555 Silgemiucusl'
1343 5494 1504 5543 Sllsirrzera
1519 5494 1547 5555 Τ,
1563 5493 1824 5558 sunzoratepunazr.

200 5588 250 5638 845
269 5591 468 5649 martianumque
483 5587 503 5633 Τ
607 5585 656 5634 853
676 5585 789 5632 idreasau
807 5584 827 5629 Τ
930 5581 975 5630 861
999 5582 1269 5643 tlarnasdrumrcrr'psr',
1290 5579 1493 5642 gentamenil,
1514 5581 1659 5640 grmoedruu
1674 5583 1732 5644 lepft
1746 5584 1824 5637 Mora.

199 5674 249 5724 862
268 5677 501 5737 laeripultrrcmea
515 5667 936 5721 Mauricuiusdumtuter-evidetur
1034 5669 1175 5730 strsclpltl’
1277 5667 1327 5716 869
1346 5680 1401 5714 nam
1417 5667 1445 5725 Τ,
1465 5665 1606 5715 nonnae.
1714 5667 1763 5718 870
1782 5685 1827 5720 un-

198 5761 246 5808 lnlt
263 5763 290 5810 fa
308 5761 388 5808 uoluit
411 5763 421 5806 1
440 5775 473 5808 m.
494 5763 616 5807 mutatum
638 5758 769 5816 l','uolult
787 5757 844 5815 tecit
864 5753 941 5804 lllrraa.
1049 5760 1107 5801 ante
1127 5753 1212 5816 neca,
1233 5758 1285 5801 arte
1306 5753 1326 5799 Τ
1430 5752 1480 5800 875
1499 5753 1700 5814 martianumque
1722 5756 1742 5802 Τ

277 5861 396 5900 t'ourrrrr.
1605 5853 1620 5902 Β
