4546 6420
1162 362 1389 418 PROOEMIVM.

613 582 680 660 τούς
702 580 825 671 ἥκουσι,
860 582 912 669 την
936 586 969 650 δέ
992 581 1112 672 εἰρήνην
1136 581 1225 657 ἀξιῶν
1249 589 1280 652 ἐν
1305 587 1387 674 σφίσι
1409 584 1631 674 κρατύνασθαι,
1666 583 1772 675 ’όρκους
1801 613 1833 654 τε
1855 585 1997 674 όμεῖσθαι
2019 585 2088 663 τούς

615 703 800 779 δεινοτάτους
824 702 985 792 ύπέσχετο,
1019 696 1038 791 ἧ
1070 703 1127 790 μὴν
1160 700 1308 791 ἀμνηστία
1337 713 1394 772 τῶν
1423 710 1638 795 πεπραγμένων
1669 711 1700 783 ἐς
1729 705 1838 783 αύτούς
1860 705 2085 796 χρησασθαιίγ.

611 825 807 914 χλευάζοντες
830 827 863 891 δέ
887 822 922 888 τά
946 826 1091 912 εἰρημένα
1114 827 1142 890 οί
1168 821 1316 913 βάρβαροι
1338 823 1455 901 πάντως
1480 825 1567 895 αύτόν
1591 826 1733 914 ὀμεῖσθαι
1755 826 1791 895 τά
1814 824 2007 918 Χριστιανῶν
2031 827 2087 895 λό-

613 973 664 1034 για
686 947 813 1034 ἔφασαν,
842 941 917 1032 άπερ
940 949 1043 1011 καλεῖν
1066 943 1228 1033 εύαγγέλια
1251 947 1450 1030 νενομίκασιν.
1490 947 1597 1014 ούκοῦν
1620 947 1724 1035 ἐπειδέΙ
1749 950 1872 1037 Σέργιος
1893 957 1987 1016 ταῦτα
2010 947 2086 1034 ἀμό-

613 1093 668 1141 σας
691 1067 756 1132 εἶτα
778 1064 845 1140 τούς
868 1063 1082 1139 πιστεύσαντας
1104 1065 1233 1149 ἔκτεινε,
1268 1068 1458 1153 βουλομένοις
1491 1069 1588 1156 σφίσιν
1619 1065 1719 1144 αύτοῖς
1749 1068 1796 1155 εἴη
1828 1073 1859 1144 ἐς
1883 1067 1984 1159 μάχην
2010 1074 2087 1135 ἰοῦσι

611 1186 722 1256 τούτων
746 1185 783 1272 δη
806 1193 864 1252 τῶν
888 1188 996 1272 λογίων
1022 1184 1335 1272 ἀποπειράσασθαιῧγ,
1369 1184 1474 1253 ὁποίαν
1504 1184 1570 1254 τινά
1597 1187 1668 1274 πρός
1690 1187 1758 1263 τούς
1781 1187 1937 1279 ἐπιόρκους
1961 1187 2086 1274 δύναμιν

611 1311 743 1398 ἔχουσιν,
770 1303 850 1380 όιτως
874 1305 973 1381 αὐτοῖς
996 1303 1177 1394 ,εβαιότατα
1198 1305 1407 1382 πιστεύσαντες
1430 1303 1507 1374 υύτω
1524 1306 1561 1395 δη
1578 1307 1625 1374 ἐπὶ
1639 1306 1690 1383 τάς
1707 1306 1854 1395 ξυνθήκας
1869 1312 2083 1375 καθιστῶνται.

611 1435 706 1497 ταῦτα
729 1430 868 1512 Σολομὼν
893 1423 1024 1500 ἀκούσας
1046 1428 1084 1493 τὰ
1107 1431 1137 1501 ἐς
1159 1423 1212 1513 τὴν
1237 1425 1385 1516 ξυμβολὴν
1409 1425 1575 1515 ἐξηρτύετο.
1927 1409 1930 1418 ¹

698 1554 734 1635 τη
761 1549 794 1614 δὲ
824 1545 965 1635 ύστεραίφ
996 1549 1086 1635 μυίρα
1115 1549 1169 1614 τινὶ
1192 1554 1251 1613 τῶν
1274 1549 1424 1634 πολεμίων
1448 1550 1531 1615 λείαν
1554 1544 1600 1616 ότι
1621 1552 1761 1636 πλείστην
1785 1547 1899 1637 ἀγούση
1923 1547 2084 1638 ξυμβαλὼν

611 1672 662 1737 καί
691 1667 775 1756 μάχη
807 1666 931 1754 νικήσας
962 1663 1083 1756 ἀφελών
1106 1693 1138 1734 τε
1160 1667 1212 1754 τὴν
1237 1669 1318 1735 λείαν
1342 1667 1494 1756 ἐφύλασσε
1515 1674 1627 1736 πᾶσαν.
1674 1674 1930 1758 δυσανασχετοῦσι
1961 1671 1994 1736 δὲ
2023 1673 2086 1742 τοῖς

611 1788 805 1878 στρατιώταις
828 1787 878 1853 καί
901 1786 984 1854 δεινά
1006 1790 1211 1875 ποιουμένοις,
1244 1785 1290 1854 ότι
1321 1785 1358 1875 δὴ
1388 1787 1488 1864 αὐτοῖς
1518 1787 1572 1856 ούκ
1602 1791 1703 1856 ἐδίδου
1725 1787 1762 1856 τά
1785 1788 1919 1878 λάφυρα,
1952 1791 2084 1878 ἔφασκεν

611 1911 769 1998 ἀναμένειν
791 1907 824 1976 τό
846 1913 898 1974 τοῦ
920 1911 1054 1994 πολέμου
1076 1911 1186 1996 πέρας,
1213 1903 1293 1983 όπως
1316 1907 1352 1994 δη
1378 1905 1495 1976 ἅπαντα
1517 1917 1680 1997 τηνικαῦτα
1703 1913 1919 1997 διανέμωνται,
1946 1907 2085 1996 καθάπερ

609 2030 646 2100 ἀν
670 2035 700 2105 ἐς
723 2027 776 2116 την
800 2027 882 2102 ἀξίαν
905 2025 1067 2117 ἐπιβάλλον
1091 2032 1207 2117 έκαστῴ
1230 2033 1385 2118 φαίνηται.
1433 2032 1497 2097 ἐπεὶ
1527 2031 1560 2096 δέ
1590 2024 1677 2105 αύθις
1705 2034 1733 2097 οἱ
1765 2029 1914 2120 βάρβαροι
1931 2029 2021 2117 ’πάση
2046 2057 2083 2116 τη

611 2158 734 2240 στρατιᾷ
757 2155 787 2225 ἐς
810 2147 957 2236 ξυμβολὴν
981 2144 1129 2237 ὥρμηντο,
1156 2153 1287 2218 ἐνταῦθα
1305 2149 1472 2236 Ῥωμαίων
1496 2154 1527 2217 τέ
1550 2177 1626 2225 τινες
1649 2148 1827 2218 ἀπελίποντο
1837 2156 1856 2236 ⁰)
1886 2151 1936 2217 καὶ
1951 2154 1979 2217 οἱ
1996 2145 2086 2218 ἀλλοι

579 2265 582 2272 ⁴
610 2273 645 2342 ού
668 2271 715 2348 ξύν
738 2273 892 2359 προθυμίη
914 2273 946 2344 ἐς
968 2265 1021 2356 την
1045 2269 1208 2358 παράταξιν
1230 2264 1335 2358 ᾔεσαν.
1383 2271 1465 2355 καίῑγ
1498 2276 1601 2358 πρῶτα
1628 2272 1712 2357 μένέ)
1748 2269 1929 2360 ἀγχώμαλος
1951 2269 2085 2358 ἐγεγόνει

609 2395 629 2482 ἡ
653 2392 752 2482 μάχη,
789 2388 909 2478 ύστερον
940 2392 972 2456 δέ
1001 2388 1113 2478 πλήθει
1135 2396 1237 2479 πολλῷ
1260 2389 1527 2479 ύπερβαλλομένων
1551 2398 1608 2458 τῶν
1633 2392 1854 2480 Μαυρουσίων,
1883 2391 2048 2478 Ῥωμαίων
2058 2397 2079 2474 ί)

611 2517 663 2603 μὲν
687 2517 714 2580 οἱ
736 2509 842 2579 πολλοὶ
864 2512 1008 2598 ἔφευγον,
1042 2513 1182 2597 Σολομὼν
1214 2513 1246 2578 δὲ
1276 2515 1326 2578 καὶ
1354 2510 1431 2600 ἀμφ’
1460 2509 1549 2579 αύτόν
1573 2538 1648 2587 τινες
1671 2509 1779 2601 χρόνον
1803 2515 1856 2598 μέν
1879 2538 1945 2579 τινα
1968 2509 2082 2600 βαλλό-

610 2663 693 2724 μενοι
716 2633 871 2720 ἀντεῖχον,
904 2627 1024 2720 ύστερον
1056 2633 1088 2698 δὲ
1120 2631 1379 2720 ύπερβιαζυμένων
1410 2635 1648 2719 τῶνπολεμίων
1679 2637 1795 2720 σπουδῇ
1818 2634 1964 2722 ἔφευγον,
1996 2633 2028 2706 ές
2052 2658 2083 2698 τε

610 2758 718 2845 βύακος
748 2755 846 2840 ἐκείνη
878 2755 995 2839 ῥέοντος
1024 2749 1180 2840 χαράδραν
1211 2751 1363 2840 ἀφίκοντο.
1411 2754 1487 2819 ἔνθα
1516 2751 1552 2839 δη
1576 2749 1759 2827 όκλάσαντος
1782 2757 1809 2818 υί
1832 2760 1884 2819 τοῦ
1906 2753 1997 2820 ἵππου
2021 2753 2082 2817 Σο-

610 2861 710 2964 λομῶν
735 2876 865 2942 ἐκπίπτει
888 2878 918 2947 ἐς
941 2874 1069 2961 ἔδαφος,
1103 2873 1154 2938 καί
1178 2871 1266 2938 αύτὸν
1289 2871 1367 2940 κατὰ
1389 2870 1480 2960 τάχος
1502 2875 1651 2961 χερσίνίθ)
1687 2877 1715 2939 οἱ
1746 2870 1906 2962 δορυφόροι
1935 2869 2084 2961 ἀράμενοι

611 2998 659 3067 ἐπί
681 3002 733 3064 τοῦ
754 2996 846 3062 ἵππου
868 2995 1035 3067 καθίζουσι.
1083 2991 1265 3081 περιώδυνον
1290 2995 1322 3060 δέ
1344 2992 1487 3081 γεγονότα
1510 2995 1560 3059 καί
1585 2990 1774 3078 ἀδύνατονῐί)
1807 2995 1851 3061 ἔτι
1879 2999 1932 3061 τοῦ
1955 2997 2082 3080 χαλινοῦ

610 3121 738 3206 ἔχεσθαι
764 3113 984 3203 καταλαβόντες
1015 3116 1043 3180 οἱ
1076 3112 1224 3202 βάρβαροι
1253 3111 1340 3180 αύτόν
1363 3119 1396 3181 τε
1418 3116 1563 3182 κτείνουσι
1585 3114 1636 3180 καί
1659 3119 1718 3181 τῶν
1742 3111 1915 3204 δορυφόρων
1937 3111 2077 3188 πολλούς.

611 3236 686 3326 αὕτη
709 3265 742 3304 τε
763 3244 816 3303 τοῦ
840 3238 906 3323 βίου
928 3233 1050 3318 τελευτά,
1074 3236 1229 3319 Σολομιῦνι
1251 3238 1376 3322 ἐγένετο.

456 3391 487 3455 p.
513 3370 576 3432 506
696 3363 748 3425 22.
781 3353 1011 3442 τελευτησαντος
1034 3356 1067 3420 δὲ
1090 3356 1285 3440 Σολομῶνος,
1318 3357 1441 3444 Σέργιος
1469 3354 1575 3438 αὐτοῦ,
1608 3349 1707 3443 ὥσπερ
1736 3355 1866 3444 εἴρηται,
1901 3353 2081 3444 ἀδελφιδοῦς

610 3478 660 3562 ὤν,
688 3477 789 3552 δόντος
814 3479 971 3565 βασιλέως,
997 3464 1159 3563 παρέλαβεΙ
1176 3475 1228 3562 τὴν
1246 3473 1358 3563 Λιβύης
1383 3474 1491 3564 ἀρχήν.
1529 3469 1564 3550 δς
1588 3474 1624 3562 δὴ
1649 3479 1893 3564 φθυρᾰςπολλῆς
1910 3473 2081 3551 αἰτιώτατος

610 3608 653 3689 τῷ
676 3597 794 3687 Λιβύων
816 3599 896 3683 γένει
918 3599 1047 3683 ἐγένετο,
1074 3593 1201 3670 ἅπαντές
1224 3621 1256 3663 τε
1279 3595 1371 3664 αύτοῦ
1394 3605 1430 3684 τῇ
1455 3595 1535 3684 ἀρχῇ
1559 3591 1701 3684 ἤχθοντο.
1726 3595 1921 3683 -μάλιστα
1944 3598 1977 3663 δὲ
1999 3594 2081 3662 πάν-

610 3748 667 3789 των
691 3717 707 3785 ό
732 3715 916 3784 Σισιννιόλου
934 3713 1078 3803 Ἰωάννης
1101 3725 1136 3804 τη
1161 3718 1286 3804 Σεργίου
1309 3715 1434 3802 δυνάμει
1456 3721 1599 3805 χαλεποῖς
1627 3717 1704 3805 εἶχε.
1752 3715 1866 3803 ἀγαθός
1895 3715 1953 3804 γάρ
1982 3713 2020 3782 ὢν
2044 3717 2081 3783 τά

610 3843 740 3926 πολέμια
763 3840 813 3905 καί
836 3834 1037 3925 διαφερόντως
1061 3834 1232 3922 εύδόκιμυς,
1267 3835 1431 3926 ἀχαρίστου
1458 3844 1510 3903 τοῦ
1532 3835 1692 3925 ἀνθρώπου
1715 3836 1848 3926 ἀτεχνῶς
1870 3838 1986 3926 ἔτυχεν.
2035 3836 2081 3904 διό

611 3961 648 4048 δὴ
685 3955 753 4026 ούτε
791 3954 876 4033 ούτος
912 3952 980 4026 ούτε
1015 3951 1105 4030 ἀλλος
1135 3963 1190 4021 τῶν
1220 3953 1337 4023 πάντων
1368 3953 1465 4032 ούδείς
1495 3953 1573 4024 όπλα
1603 3957 1752 4046 ἀνταίρειν
1781 3963 1841 4033 τοῖς
1854 3961 1887 4044 ¹²)
1926 3959 2080 4043 πολεμίοις

609 4079 812 4171 ἠβούλετοίθ.
853 4085 896 4166 τῷ
910 4105 942 4144 τε
960 4075 1086 4163 Ἀντάλογ
1108 4077 1139 4143 οῖ
1151 4103 1183 4143 τε
1201 4073 1389 4165 θίαυρούσιυι
1412 4075 1519 4165 σχεδόν
1541 4104 1569 4144 τι
1592 4074 1718 4152 ἅπαντες
1741 4079 1857 4145 εἵποντο
1880 4079 1931 4144 καί
1951 4075 2081 4152 Στότξοις

522 4285 525 4292 ,
611 4209 645 4271 ἐκ
668 4202 874 4289 θίαυμιτανίας
903 4196 1107 4285 μετάπεμπτος
1135 4192 1239 4284 ἦλθεν.
1287 4200 1351 4264 ἐπεί
1379 4224 1411 4264 τε
1439 4195 1537 4272 ούδείς
1567 4200 1664 4286 σφίσιν
1694 4195 1811 4287 ἐπεξῄει
1832 4205 1890 4265 τῶν
1913 4201 2076 4284 πολεμίων,

610 4317 683 4411 ἦγόν
706 4349 737 4389 τε
760 4323 810 4387 καί
833 4321 941 4407 ἔφερον
964 4316 1136 4404 ληϊζόμενοι
1158 4316 1252 4393 ἀδεῶς
1275 4313 1403 4385 ἅπαντα.
1428 4357 1470 4366 -

456 4477 487 4538 p.
514 4453 575 4515 509
696 4448 748 4510 23.
771 4439 909 4514 Ἀντάλας
932 4439 965 4506 δέ
988 4439 1039 4504 καὶ
1061 4438 1077 4506 ό
1100 4445 1158 4504 τῶν
1183 4438 1384 4527 Μαυρουσίων
1407 4437 1530 4525 στρατός
1552 4442 1739 4526 ξυνελέγοντο
1763 4433 1850 4513 αύθις
1872 4441 1904 4504 ἐν
1921 4437 2076 4524 Βυζακίῳ,

609 4566 660 4632 καὶ
685 4562 785 4636 αύτοῖς
801 4559 931 4635 Στότξας
955 4563 1050 4645 ξυνῆν,
1077 4557 1256 4647 στρατιώτας
1279 4585 1310 4626 τε
1333 4557 1450 4646 όλίγους
1466 4557 1547 4634 τινάς
1563 4561 1613 4626 καί
1630 4559 1901 4647 Βανδίλουςέχων.
1937 4555 2079 4645 Ἰωάννης

609 4687 643 4752 δὲ
666 4683 681 4750 δ
704 4679 904 4762 Σισιννιόλου,
930 4677 1028 4747 πολλὰ
1051 4678 1254 4768 λιπαρούντων
1271 4679 1401 4768 Λιβύων,
1429 4677 1597 4767 στράτευμα
1621 4678 1743 4767 ἀγείρας
1765 4677 1813 4745 ἐπ’
1841 4675 1948 4752 αύτούς
1970 4672 2076 4764 ἦλθεν.

610 4803 753 4892 ἐτύγχανε
776 4803 810 4870 δὲ
827 4799 955 4893 Ἱμέριος
978 4798 1057 4888 Θρᾲξ
1079 4808 1134 4867 τῶν
1157 4805 1187 4868 ἐν
1211 4801 1352 4889 Βυζακίιμ
1375 4797 1550 4886 καταλόγων
1574 4795 1696 4888 ἀρχων,
1727 4793 1762 4865 δν
1788 4797 1823 4885 δη
1847 4797 1913 4866 τότε
1931 4797 2079 4885 Ἰωάννης

611 4927 730 4994 ἐκέλευε
759 4920 870 4996 πάντας
898 4919 1081 5008 ἐπαγόμενον
1109 4919 1176 4996 τούς
1205 4920 1297 5010 ταύτη
1322 4918 1505 5008 καταλόγους
1529 4917 1577 4992 ξύν
1600 4925 1661 4993 τοῖς
1684 4917 1801 5008 ἑκάστῳ
1824 4917 2001 5006 ἡγουμένοις
2024 4923 2078 4985 ἐλ-

609 5045 701 5113 θόντα
731 5047 761 5118 ἐς
792 5044 903 5132 χωρίον
928 5042 1155 5129 Μενεφέσηίθ,
1188 5036 1204 5108 ό
1232 5046 1310 5108 ἐστιν
1341 5045 1371 5108 ἐν
1396 5041 1552 5129 Βυξακίιρ,
1587 5042 1671 5128 σφίσι
1699 5043 1847 5127 ξυμμῑξαι.
1895 5033 2014 5126 ύστερυν
2045 5041 2079 5105 δέ

608 5163 739 5238 ἀκούσας
761 5167 893 5230 ἐνταῦθα
916 5165 1206 5250 ἐστρατοπεδεῦσθαι
1227 5160 1294 5237 τούς
1317 5163 1484 5247 πολεμίους.
1505 5160 1625 5250 Ἰμερίιμ
1647 5161 1761 5249 ἔγραφε
1783 5157 1820 5226 τά
1842 5185 1873 5226 τε
1896 5157 2080 5245 ξυμπεσόντα

538 5501 561 5563 4)
583 5502 617 5548 al.
637 5493 786 5569 χρήσεσθαι.
928 5495 951 5554 5)
972 5496 1006 5542 al.
1027 5489 1220 5562 ἀποπειρᾶσθαι.
1367 5493 1391 5555 6)
1412 5495 1446 5541 αλ.
1467 5489 1642 5543 ἀπελείποντο.
1785 5493 1807 5552 7)
1829 5493 1862 5540 αλ
1883 5489 1927 5542 καὶ
1944 5477 2074 5540 ονιίιιὲιίιτ.

452 5591 475 5651 8)
496 5593 550 5651 μασι
568 5585 614 5654 μὲν
633 5585 668 5632 αλ.
689 5578 733 5633 οῦν
752 5581 861 5630 additur.
984 5578 1019 5640 ,θγ
1041 5581 1075 5628 αλ.
1097 5576 1215 5647 βωμαῖοι.
1354 5577 1392 5638 10)
1413 5580 1449 5630 αλ.
1469 5581 1525 5634 ταῖς
1542 5576 1636 5646 χερσὶν.
1780 5576 1819 5640 ll}
1840 5579 1873 5628 σί.
1893 5574 2074 5629 ἀδυνατοῦντα.

454 5677 493 5736 12γ
514 5675 550 5722 σί.
570 5669 676 5726 ἐντοῖς.
786 5668 823 5728 13)
845 5669 879 5715 αλ.
899 5663 1049 5734 ἠβούλοντο.
1160 5667 1197 5726 14)
1220 5664 1371 5734 μενεφέσση,
1394 5669 1529 5733 μενειρεαῆ,
1550 5663 1675 5733 μενεφέση
1695 5664 1764 5713 codd.
