4546 6420
441 403 538 466 XXX
1143 400 1372 456 PROOEMlVM.

440 631 475 690 ut
502 631 645 708 tempore
675 623 736 688 hoc
764 623 955 691 intermedio
984 623 1144 690 exercitus
1170 624 1323 689 Iohannis
1353 644 1472 708 magna
1499 633 1590 710 parte
1620 625 1790 711 desumpta
1818 627 2073 694 imminueretur.

441 743 533 810 Bello
556 743 642 810 enim
665 743 791 827 Syrtico
814 743 977 810 exoriente
999 763 1114 808 novem
1135 743 1185 809 illi
1208 743 1327 826 duces,
1360 745 1414 828 qni
1443 744 1567 829 primae
1595 765 1726 831 pugnae
1747 745 1976 830 interfuerant,
2010 767 2075 812 non

441 864 505 928 iam
534 863 567 927 in
590 863 701 928 Africa
731 863 863 946 degisse
893 863 1042 929 uidentur
1070 883 1191 930 omnes.
1239 864 1428 948 Vbicunque
1450 864 1646 930 Iohannidos
1675 865 1822 932 inlibris
1845 867 2074 951 posterioribus

440 983 527 1050 acies
549 983 778 1067 Byzantiorum
805 983 962 1049 instructa
991 983 1205 1072 describitur,
1233 984 1289 1049 illo
1319 1004 1337 1051 e
1365 1004 1497 1050 numero
1527 984 1668 1068 quinque
1690 992 1814 1052 tantum
1837 994 2070 1052 memorantur:

439 1102 659 1187 Putzintulus,
686 1101 857 1185 Geisin'th,
883 1102 1044 1168 Iohannes
1067 1102 1189 1186 senior,
1215 1104 1421 1188 Fronimuth,
1447 1104 1655 1186 Tarasis¹⁶²).
1703 1105 1888 1171 Ceterorum
1910 1113 2070 1190 quattuor,

441 1222 559 1304 Gentii,
586 1221 641 1305 qui
664 1222 768 1306 priore
791 1222 955 1306 inpugna
978 1223 1115 1307 primum
1136 1223 1222 1290 inter
1244 1221 1343 1289 duces
1363 1224 1466 1289 locum
1481 1224 1624 1290 tenuisse
1640 1223 1776 1306 videtur,
1804 1224 1960 1309 Gregorii,
1986 1226 2074 1291 Mar-

439 1343 532 1425 turii,
565 1341 733 1407 Marcentii
762 1342 892 1406 nomina
922 1341 955 1405 in
987 1341 1067 1407 libro
1090 1343 1158 1424 VI⁰,
1191 1344 1277 1427 VI10,
1309 1343 1402 1408 VIH⁰
1430 1343 1548 1410 frustra
1576 1343 1771 1427 quaerimus.
1819 1345 1905 1410 Casu
1933 1344 2072 1428 quodam

439 1469 566 1548 poetam
589 1462 670 1527 haec
692 1461 821 1526 nomina
843 1460 972 1526 silentio
994 1461 1151 1546 pressisse
1174 1462 1335 1546 equidem,
1362 1483 1434 1529 oum
1456 1483 1519 1528 non
1542 1469 1656 1548 poe'tac
1680 1463 1785 1547 magis
1810 1485 1907 1548 quam
1929 1464 2072 1531 historici

439 1602 569 1648 munere
593 1582 750 1666 Corippus
780 1581 949 1663 fungatur,
983 1582 1179 1664 negaverim.
1228 1583 1304 1648 Veri
1333 1583 1432 1648 multo
1463 1582 1601 1648 similius
1631 1589 1696 1665 est,
1730 1583 1787 1649 hos
1814 1584 1900 1649 viros
1919 1592 2074 1668 quattuor

438 1724 510 1770 cum
532 1701 692 1784 numeris,
724 1700 841 1784 quibus
864 1707 1068 1785 praeessent,
1101 1701 1156 1767 ubi
1177 1701 1316 1787 primum
1339 1701 1449 1768 Africa
1471 1709 1586 1787 pacata
1608 1702 1787 1785 videretur,
1820 1702 1919 1768 aliam
1940 1705 1974 1769 in
1996 1725 2073 1789 pro-

438 1824 576 1890 uinciam
606 1821 812 1887 transmissos
842 1839 929 1902 esse,
963 1819 998 1885 in
1020 1819 1147 1886 Italiam
1177 1821 1328 1904 forsitan,
1362 1822 1416 1888 ubi
1443 1842 1494 1888 res
1517 1823 1680 1888 Romanae
1710 1829 1786 1888 tuno
1815 1823 2069 1890 collabebantur.

425 1946 518 2040 ‘Cum
548 1941 699 2008 Iliadaiae
729 1940 827 2007 etiam
857 1941 977 2005 auxilio
1007 1940 1180 2006 destitutus
1209 1962 1229 2006 a
1258 1941 1441 2006 Maurorum
1470 1942 1612 2027 principe
1641 1943 1730 2007 nullo
1759 1950 1888 2027 praeter
1917 1944 2071 2010 Cusinam

437 2063 596 2129 Iohannes
619 2061 841 2142 adiuvaretur,
876 2060 1053 2125 minoribus
1081 2061 1180 2126 multo
1210 2061 1311 2145 copiis
1341 2061 1383 2126 ad
1410 2062 1564 2128 maiorem
1587 2061 1824 2148 expeditionem
1847 2069 1971 2130 aestate
1993 2063 2071 2130 anni

437 2187 499 2248 547
523 2183 677 2266 magister
698 2179 835 2245 militum
857 2179 1019 2263 profectus
1042 2187 1101 2245 est.

523 2302 775 2369 Coniuraverant
796 2307 904 2366 contra
927 2300 1087 2365 Romanos
1110 2299 1220 2384 populi
1243 2300 1360 2385 Syrtici
1383 2320 1511 2384 omnes,
1546 2302 1600 2386 qui
1624 2303 1718 2368 Ierna
1739 2302 1968 2369 Marmaridum
1991 2323 2070 2387 rege

434 2423 602 2490 interfecto
625 2421 787 2486 Muracum
818 2419 964 2504 regulum
988 2419 1150 2485 Carcasan
1180 2439 1339 2485 summum
1368 2420 1428 2486 sibi
1455 2421 1570 2487 ducem
1593 2430 1781 2489 creaverant
1791 2425 1856 2506 1⁶³).
1902 2424 2069 2490 Ammonis

436 2543 574 2609 oraculis
596 2540 630 2605 in
652 2539 805 2606 victoriae
829 2558 918 2624 spem
942 2546 1061 2605 certam
1085 2539 1240 2624 erecti¹⁶⁴l
1270 2546 1383 2622 gentes
1406 2541 1524 2606 multas
1548 2539 1717 2624 finitimas,
1747 2562 1830 2626 quae
1853 2543 1957 2627 priore
1981 2544 2068 2610 bello

434 2664 665 2743 abstinuerant,
690 2660 725 2724 in
747 2679 907 2725 armorum
931 2659 1116 2726 societatem
1139 2659 1332 2725 adiunxere:

396 2847 397 2850 ,
434 2783 658 2848 loh.V1195
1332 2799 1392 2845 nec
1415 2779 1503 2844 solus
1525 2779 1658 2863 Ilaguas

796 2888 852 2947 aut
873 2888 986 2964 gentes
1009 2889 1135 2981 tantum
1156 2889 1290 2964 egerunt
1312 2902 1394 2966 quae
1416 2883 1505 2948 bella
1528 2882 1651 2966 priores

797 3004 974 3049 convenere
998 2984 1077 3066 sibi,
1104 2983 1163 3049 sed
1185 2984 1213 3050 si
1236 2985 1307 3068 quis
1331 2985 1456 3069 Syrtica
1478 3005 1552 3049 rura

796 3106 893 3171 asper
914 3095 984 3152 arat
1005 3086 1187 3168 Nasamon,
1214 3088 1241 3152 si
1264 3088 1336 3170 quis
1359 3086 1605 3153 Garamantidos
1627 3089 1714 3158 arxis

796 3189 959 3273 proximus
981 3209 1060 3254 arva
1083 3190 1175 3273 colit,
1201 3191 1331 3274 pinguis
1354 3190 1410 3274 qui
1431 3190 1576 3274 margine
1600 3190 1668 3255 Nili

798 3297 914 3375 stagna
936 3292 1065 3375 bibunt,
1092 3312 1208 3358 venere
1231 3292 1301 3357 viri.

435 3419 507 3483 Non
536 3415 646 3499 inepte
676 3411 817 3478 foederis
839 3411 974 3476 Maurici
996 3412 1204 3478 increscentis
1227 3412 1480 3495 magnitudinem
1503 3418 1599 3497 po'e'ta
1621 3411 1806 3496 regionibus
1828 3413 1932 3480 tribus
1954 3414 2067 3480 electis

436 3536 597 3621 designat,
623 3553 758 3617 quarum
781 3551 845 3595 una
867 3531 1086 3596 Nasamonum
1109 3533 1262 3597 orientem
1285 3551 1408 3612 versus,
1438 3531 1541 3598 altera
1562 3532 1755 3615 Maurorum,
1782 3532 1838 3616 qui
1860 3533 2068 3600 Garamanti-
2114 3567 2117 3572 ·

436 3659 497 3724 bus
525 3652 727 3738 (Phazaniae‘)
761 3649 887 3715 finitimi
915 3657 1022 3733 erant,
1056 3650 1223 3717 meridiem
1252 3670 1380 3730 versus,
1415 3651 1510 3716 tertia
1538 3649 1734 3717 occidentem
1764 3672 1877 3718 versus
1907 3661 2068 3718 extremos

436 3775 672 3842 foederatorum
695 3770 776 3835 fines
797 3768 967 3835 indicaret.
1012 3771 1125 3853 Neque
1148 3770 1234 3835 enim
1257 3768 1297 3836 de
1320 3771 1403 3852 Nili,
1437 3791 1517 3854 quos
1540 3790 1599 3836 nos
1621 3770 1782 3854 novimus,
1817 3772 1952 3837 lacubus
1974 3792 2068 3855 mag-

436 3897 486 3963 nis
509 3889 724 3978 cogitandum,
756 3889 814 3954 sed
837 3887 878 3954 de
901 3889 1113 3955 Mauritaniae
1136 3889 1371 3972 Numidiaeque
1394 3887 1613 3955 meridionalis
1641 3890 1774 3973 (Sahara
1796 3891 1950 3975 algerienl
1978 3899 2069 3976 stag-

437 4017 505 4097 nis,
539 4035 557 4080 e
587 4010 703 4095 quibus
727 4010 837 4074 Nilum
865 4008 1022 4092 originem
1050 4008 1167 4075 ducere
1190 4017 1316 4075 veteres
1340 4009 1629 4094 opinabantur¹⁰⁵l.
1675 4011 1793 4094 Magno
1814 4009 1872 4075 illo
1895 4031 1912 4076 e
1935 4031 2068 4077 numero

437 4143 622 4218 stagnomm
652 4137 754 4210 certa,
794 4127 837 4193 ad
864 4148 947 4211 qnae
977 4135 1160 4211 stagnomm
1190 4129 1386 4194 Niliaoorum
1415 4149 1531 4194 nomen
1561 4128 1733 4212 referatur,
1773 4129 1852 4213 eligi
1880 4150 1942 4194 non
1972 4149 2068 4214 posse

438 4251 616 4321 doctissimi
649 4249 767 4333 quique
801 4255 834 4315 et
866 4248 1042 4314 studiorum
1075 4248 1186 4314 homm
1220 4248 1405 4333 peritissimi
1438 4249 1739 4332 intellexerunt¹⁶⁶).
1792 4251 1932 4314 Tantum
1965 4249 2069 4332 liquet

438 4355 513 4440 tnnc
535 4372 664 4437 Mauros
694 4368 840 4435 meridici
866 4367 1005 4434 maxime
1032 4368 1186 4434 obnoxios
1214 4368 1291 4434 inde
1320 4369 1361 4434 ab
1392 4369 1522 4434 casibus
1545 4367 1632 4453 Syrti
1655 4369 1767 4435 maiori
1788 4368 1942 4454 proximis
1965 4388 2068 4451 usque

437 4495 480 4560 ad
511 4491 667 4558 Sabaram
689 4488 871 4573 Algericam
901 4486 980 4553 belli
1007 4486 1191 4553 societatem
1219 4488 1384 4572 pepigisse
1396 4491 1459 4570 ¹⁰⁷).
1507 4488 1697 4572 Priusquam
1725 4488 1860 4574 periculi
1887 4486 2069 4570 ingmentis

527 4815 583 4876 loa)
606 4813 660 4864 Gor.
681 4814 736 4863 lob.
755 4814 790 4862 Vl
809 4813 953 4865 tls-525.
976 4817 1038 4864 vlu
1057 4813 1202 4865 ato-³77.
1241 4817 1352 4877 Vtroque
1370 4816 1421 4863 loco
1439 4828 1519 4864 novus
1538 4816 1641 4877 quidam
1660 4817 1712 4864 dux
1731 4821 1894 4876 memoretur,
1915 4817 1957 4864 cui
1976 4828 2068 4864 nomen

439 4903 543 4953 Slndult
560 4903 639 4951 falsae
658 4901 801 4962 susplcatus
820 4913 883 4950 sum.

526 4987 584 5049 163)
605 4985 660 5036 Cor.
680 4985 735 5034 Iolr.
755 4985 791 5032 vl
811 4983 869 5034 144.

527 5072 584 5135 164]
606 5071 660 5121 cor.
680 5070 733 5119 lob.
754 5072 790 5119 VI
810 5069 954 5122 rte-190.

528 5157 583 5221 165)
604 5159 706 5205 vitruv,
726 5157 788 5204 vlu
807 5155 831 5214 2,
853 5156 876 5205 6.
910 5157 1008 5204 l’llnlus
1027 5169 1052 5205 n.
1074 5155 1098 5204 h.
1120 5155 1185 5214 Vb,
1207 5155 1248 5204 tl.
1270 5155 1312 5205 52.
1344 5155 1487 5204 vivanda
1506 5153 1544 5203 Sl.
1565 5155 1659 5204 Martin
1680 5155 1715 5203 Le
1734 5155 1799 5203 Nord
1817 5155 1848 5204 dc
1866 5158 1988 5220 l'Alrlqne
2006 5158 2068 5207 dans

438 5245 584 5309 l'nntiqultd
600 5258 625 5306 p.
647 5241 707 5292 427.
743 5241 816 5289 ‘c'est
833 5241 868 5289 du
887 5241 928 5288 Nil
946 5243 1113 5290 mauritanlen
1132 5253 1181 5302 qne
1199 5239 1322 5303 (lorippns
1340 5241 1432 5290 entend
1451 5240 1555 5304 parlcr'.

526 5331 584 5393 ldd)
606 5330 664 5379 viv.
684 5328 717 5377 dc
735 5325 771 5377 Sl.
791 5326 882 5376 Martia
900 5327 994 5375 ibidem
1012 5342 1038 5390 p.
1058 5325 1118 5374 4³5.

528 5417 583 5478 llil]
606 5416 675 5464 Proc.
695 5415 721 5463 b.
742 5413 822 5463 vend.
843 5411 920 5462 1128
944 5411 969 5463 oi
987 5407 1102 5464 Aeudbcu
1125 5405 1200 5466 adbuc
1225 5409 1324 5478 στρατῷ
1348 5407 1453 5480 μεγάλῳ
1473 5409 1503 5461 ἐκ
1519 5416 1570 5462 τῶν
1590 5408 1632 5461 ἐπὶ
1649 5406 1797 5480 upsaliam:
1815 5409 1919 5482 χωρίων
1938 5408 1964 5468 ἐς
1983 5407 2069 5470 Βυζά-

439 5520 495 5556 atou
513 5500 664 5573 ἀφικόμενοι
681 5501 737 5555 τοῖς
755 5495 821 5567 ἀμφὶ
838 5497 880 5550 τὸν
899 5489 1017 5550 baalim
1035 5493 1172 5564 ξυνέμιξαν.
1212 5497 1344 5559 Perpetem
1367 5502 1434 5546 certa
1452 5497 1586 5558 Proccplus
1608 5498 1660 5545 lam
1678 5505 1739 5545 tunc
1757 5497 1876 5546 Anulum
1894 5511 1951 5544 cum
1969 5496 2069 5559 populls

439 5587 546 5649 Syrtlclc
563 5593 643 5636 castra
661 5585 777 5633 iunxisse
794 5589 928 5632 asseverat.
966 5583 1023 5631 Post
1041 5583 1160 5630 Iohannis
1184 5583 1286 5630 demum
1310 5582 1404 5631 cladem
1423 5583 1540 5630 Anteiam
1565 5584 1698 5632 rebellasse
1717 5581 1841 5645 Ocrlppnc
1864 5583 1967 5632 dleertia
1986 5583 2070 5631 verbis

438 5675 510 5724 docet
527 5674 577 5721 Vll
595 5670 654 5721 286.
