4546 6420
828 405 1057 462 IOHANNIDOS
1076 407 1147 462 LlB.
1168 408 1190 462 l.

584 596 686 661 ardua
709 595 833 662 sidereo
855 596 1036 679 cingentem
1058 597 1186 662 moenia
1207 618 1298 662 muro

584 699 659 764 inde
682 699 787 765 Daras
806 717 925 781 ‘ausum
952 697 1063 766 ductor
1084 720 1148 782 qua
1171 700 1266 783 signa
1288 701 1438 782 regebat,

583 807 736 887 appetere
758 809 790 868 et
811 803 898 868 bello
920 803 1031 868 Latias
1052 809 1208 888 temptare
1230 803 1424 889 phalangas.

584 904 642 972 sed
664 911 832 989 postquam
855 904 989 989 primam
1014 905 1153 988 vigilans
1176 926 1216 972 ex
1238 905 1383 972 hostibus
1406 909 1518 974 urbem

585 1007 703 1093 eripuit
724 1007 852 1090 dumor,
878 1008 1041 1092 fugientes
1063 1008 1139 1074 inde
1162 1016 1290 1076 secutus

585 1118 721 1196 occupat
742 1117 817 1178 aute
840 1111 910 1176 vias
932 1119 1029 1193 atque
1052 1131 1163 1177 omncs
1186 1111 1330 1178 vindieat
1350 1132 1464 1196 agros,

585 1234 625 1280 ne
647 1213 817 1299 popularet
838 1221 928 1280 atrox
950 1221 1007 1280 aut
1027 1233 1218 1298 quemquam
1242 1215 1386 1281 laederet
1408 1217 1519 1283 hostis.

585 1317 708 1401 primus
730 1324 763 1382 et
784 1317 922 1383 obtinuit
943 1317 1022 1384 celsi
1044 1317 1220 1384 munimina
1242 1318 1341 1400 muri,

585 1439 645 1486 nec
666 1439 783 1505 passus
805 1419 935 1486 differre
958 1418 1026 1485 diu.
1072 1441 1146 1486 nam
1169 1421 1313 1506 protinus
1336 1422 1419 1488 hosti

585 1522 695 1588 fortior
716 1523 751 1588 in
773 1523 896 1589 medios
919 1542 1019 1590 ausus
1041 1542 1228 1590 concurrere
1250 1543 1396 1610 campos,

585 1627 722 1712 perculit
740 1627 926 1693 innumeras
948 1625 1035 1692 felici
1057 1627 1159 1693 Marte
1182 1635 1329 1693 catervas

585 1731 797 1815 egregiosque
819 1730 918 1797 duces
941 1738 974 1796 et
994 1730 1120 1796 iunctas
1143 1730 1272 1796 foedere
1294 1737 1418 1814 gentes.

584 1834 773 1900 Parthorum
796 1833 958 1900 dominum
981 1833 1099 1899 victum
1122 1853 1312 1918 versumque
1335 1834 1460 1919 fugavit

585 1937 794 2003 llennerodn.
842 1937 965 2021 campis
987 1937 1166 2003 Romanum
1189 1937 1289 2003 Persa
1311 1944 1498 2021 sequentem

584 2047 662 2106 tunc
683 2047 829 2107 metuens
850 2040 998 2107 manibus
1020 2039 1147 2124 gladios
1168 2039 1385 2124 phalerasque
1406 2040 1545 2109 nitentes

586 2143 721 2226 quisque
744 2162 820 2210 suas
842 2143 966 2209 medios
988 2141 1117 2226 fugiens
1138 2143 1272 2227 proiecit
1292 2143 1325 2208 in
1347 2163 1453 2226 agros.

584 2245 745 2312 indecoris
766 2247 888 2313 eunctis
911 2245 998 2312 ensis
1021 2244 1168 2328 fulgebat
1189 2246 1318 2312 harenis
1346 2239 1347 2242 ’

585 2350 787 2433 vaginaeque
810 2347 915 2430 leves3
941 2349 1054 2415 hastae
1076 2347 1236 2434 clipeique
1258 2367 1448 2432 comaeque,

584 2453 780 2538 corporaque
802 2460 835 2519 et
856 2452 970 2518 mistus
992 2451 1122 2538 sonipes
1144 2451 1281 2536 telisque
1303 2454 1433 2539 superbi

585 2555 737 2640 armigeri
758 2555 886 2622 iacuere
909 2554 1011 2621 ducis.
1058 2554 1211 2621 iacuisset
1233 2562 1266 2622 et
1286 2555 1341 2622 ille

585 2666 764 2744 prostratus
785 2659 924 2744 campis,
951 2659 984 2724 ui
1005 2659 1113 2724 vivum
1136 2659 1295 2744 prendere
1317 2659 1417 2725 vellet

585 2763 698 2829 ductor
719 2763 954 2847 magnanimus.
1002 2763 1106 2828 vietus
1127 2769 1235 2828 tamen
1257 2762 1360 2828 ardua
1381 2761 1463 2828 sidit

585 2867 712 2932 moenia
733 2867 943 2946 Mermerobm
970 2865 1083 2951 paucis
1105 2865 1330 2931 comitantibus
1352 2866 1484 2932 intrans.

584 2980 660 3037 tunc
682 2977 792 3036 astans
813 2969 930 3036 mediis
953 2969 1115 3035 dominum
1137 2968 1303 3035 benedixit
1323 2969 1356 3034 iu
1379 2969 1466 3034 arvis

585 3073 733 3139 Vrhieius
755 3072 903 3158 sapiens,
930 3091 1024 3156 quem
1047 3072 1185 3157 primum
1206 3072 1366 3137 marinus
1388 3071 1472 3137 orbis

584 3176 763 3262 imperialis
784 3195 868 3261 apex
891 3175 1047 3241 famulum
1069 3175 1228 3258 rebusque
1250 3173 1379 3240 fidelem

584 3275 660 3345 tunc
682 3280 794 3346 habuit
815 3279 950 3359 lectum,
977 3297 1135 3363 quemque
1155 3278 1231 3343 illas
1253 3278 1384 3344 miserat
1406 3297 1479 3344 oras

584 3402 733 3465 noscere,
759 3402 842 3466 quae
864 3382 954 3448 saevi
977 3382 1104 3448 fueraut
1127 3379 1313 3446 discrimina
1334 3381 1422 3446 belli.

585 3485 637 3553 hic
661 3487 716 3553 ubi
738 3487 875 3552 victores
897 3486 1059 3551 Romanos
1080 3484 1205 3550 fervere
1227 3483 1310 3550 vidit

585 3599 682 3673 atque
704 3589 812 3655 hostes
834 3595 942 3654 vastos
964 3587 1148 3673 pavitantes
1169 3587 1218 3652 ire
1240 3606 1298 3672 per
1319 3607 1432 3671 agros,

585 3692 764 3760 extendens
785 3691 932 3776 geminas
955 3691 1076 3777 pariter
1096 3711 1168 3757 cum
1190 3690 1311 3756 lumine
1333 3691 1459 3775 palmas

585 3798 628 3863 ad
651 3797 776 3863 caelum
799 3795 846 3862 sic
868 3797 973 3862 laetus
995 3795 1051 3862 ait.
1102 3794 1176 3861 ‘tibi
1198 3794 1302 3878 gloria
1324 3815 1468 3879 semper,

585 3921 708 3966 summe
731 3900 828 3982 deus,
855 3900 956 3966 victos
977 3899 1107 3966 tandem
1129 3906 1202 3984 post
1223 3905 1366 3983 tempora
1387 3898 1504 3964 Persas

585 4023 715 4070 cernere
737 4003 823 4087 quod
845 4003 947 4069 merui
969 4002 1068 4068 nostri
1090 4001 1207 4068 virtute
1230 4000 1409 4066 Iobannis'.

670 4108 729 4172 hos
751 4125 884 4172 versans
907 4105 1057 4192 prinecps
1078 4105 1187 4171 animo
1208 4112 1284 4171 tunc
1306 4123 1405 4190 saepe
1427 4105 1574 4190 labores,

585 4212 670 4277 hunc
691 4211 794 4275 solum
817 4209 953 4294 Libyam
976 4227 1163 4294 oppressam
1187 4207 1361 4274 defendere
1383 4227 1478 4292 posse

585 4321 710 4379 matura
731 4312 851 4398 pietate
873 4312 996 4396 probat.
1044 4331 1104 4377 nec
1126 4310 1221 4396 plura
1244 4318 1386 4376 moratus

584 4417 679 4482 iussit
699 4416 741 4481 ab
763 4415 915 4480 extremis
937 4414 1034 4480 acciri
1056 4414 1201 4500 partibus
1226 4413 1312 4479 orbis

548 4567 550 4570 -
584 4519 758 4585 ductorem.
806 4516 954 4602 placidus
976 4516 1050 4582 finis
1071 4516 1202 4582 dimittit
1224 4523 1257 4582 et
1278 4516 1397 4598 hostis,

474 4646 488 4684 r,
585 4621 735 4688 occiduas
756 4617 900 4692 aditurus
922 4639 1039 4704 aquas,
1067 4619 1227 4703 celerique
1248 4619 1389 4684 iubentis

585 4723 731 4809 implevit
751 4731 925 4808 praecepta
947 4721 1017 4803 die,
1043 4721 1207 4803 victorque
1229 4740 1395 4786 recurrens

585 4847 685 4893 aurea
707 4828 869 4891 Romanae
891 4824 998 4907 tetigit
1017 4844 1091 4889 mox
1114 4823 1226 4889 limina
1249 4831 1370 4908 portae.

265 5125 299 5174 ’10
317 5126 431 5184 cingebat
449 5123 529 5172 tuan.
644 5121 676 5170 11
695 5122 773 5170 claras
793 5121 813 5166 Τ
918 5135 967 5183 qua
984 5122 1079 5182 scripsi,
1098 5121 1170 5181 quael
1191 5121 1219 5180 Τ,
1240 5120 1285 5182 qui
1305 5119 1382 5170 llloaa.
1489 5121 1521 5170 82
1540 5135 1572 5170 ne
1590 5122 1677 5182 Besa„
1698 5137 1748 5172 neu
1770 5125 1790 5171 Τ

195 5213 278 5260 ledere
300 5213 320 5258 T
425 5209 457 5258 83
475 5211 596 5259 occtlnult
619 5210 639 5256 '1'
742 5205 774 5256 84
793 5206 871 5256 hostis
893 5211 950 5256 lm.
966 5205 1065 5257 corr]
1166 5207 1198 5255 85
1217 5220 1294 5254 ausus
1312 5206 1399 5266 Bella,
1419 5208 1491 5258 uisus
1509 5215 1548 5257 est
1568 5209 1598 5270 Τ,
1619 5211 1689 5258 uisus
1709 5209 1787 5260 Musa.

195 5311 312 5347 concurre
333 5298 354 5343 Τ
459 5293 492 5344 89
510 5308 603 5344 memor
619 5295 688 5343 euim
711 5293 731 5340 Τ
833 5294 926 5356 cample
947 5292 977 5354 Τ,
998 5293 1064 5341 acies
1084 5291 1163 5340 Maza.
1270 5293 1343 5341 Parsa
1360 5295 1455 5356 scripsi,
1475 5296 1579 5357 perlusa
1595 5295 1625 5356 Τ,
1645 5296 1725 5345 eflusa
1743 5296 1822 5347 liora

195 5381 228 5432 90
246 5384 338 5446 glodlos
359 5383 380 5429 Τ
483 5380 514 5429 91
535 5381 658 5443 problecit
675 5381 702 5428 lu
720 5393 791 5441 agras
812 5377 832 5425 Τ
935 5377 969 5429 92
987 5378 1111 5429 indecoris
1127 5381 1225 5441 ccupat,
1245 5379 1351 5428 iudaeus
1369 5379 1396 5426 ln
1417 5379 1439 5426 Τ
1542 5379 1575 5430 90
1594 5386 1648 5428 aste
1668 5381 1698 5443 Τ,
1718 5387 1746 5430 at
1764 5384 1823 5432 solet

194 5467 227 5519 90
247 5471 336 5518 uinum
356 5469 378 5516 Τ
496 5465 529 5515 98
547 5479 697 5515 mermeroos
720 5465 740 5513 Τ
858 5463 892 5514 99
910 5467 986 5514 armis
1005 5464 1082 5514 Mass.
1209 5465 1257 5516 100
1276 5466 1395 5515 Vrblcius
1412 5469 1505 5528 scripsi,
1531 5467 1678 5516 urbiculus
1699 5468 1732 5530 Τ,
1753 5471 1825 5518 urbi·

194 5569 270 5617 capus
289 5554 368 5604 Mars.
494 5550 542 5601 102
567 5565 692 5615 quemque
709 5552 765 5602 illas
782 5554 884 5612 scripsi,
913 5565 986 5613 quem
1005 5552 1086 5601 nullas
1106 5551 1141 5612 Τ,
1169 5564 1244 5614 quem
1262 5551 1293 5599 ad
1311 5553 1402 5600 multu
1421 5551 1515 5614 Musa,
1545 5565 1608 5614 -que
1626 5553 1654 5601 lu
1672 5554 1754 5602 nullm
1782 5557 1823 5614 lun

194 5643 273 5702 eoasll
297 5641 371 5690 Beue.
488 5638 536 5690 103
554 5640 609 5688 seni
628 5638 753 5688 lueratl‘
868 5637 916 5688 110
934 5651 979 5686 nos
1003 5637 1023 5685 Τ
1138 5637 1182 5686 111
1204 5637 1314 5686 nunel'
1419 5637 1467 5686 113
1486 5639 1552 5687 luxit
1570 5637 1637 5686 etl·
1740 5649 1827 5689 eatre-

193 5728 241 5774 mls
260 5725 373 5784 Locbm„
393 5723 548 5774 externisT
655 5724 703 5774 115
722 5723 867 5772 adturusf
974 5723 1022 5772 liti
1040 5723 1190 5786 precatur
