4576 6428
1167 433 1346 490 HISTORIA

959 757 1095 845 LIBER
1120 757 1241 844 siun
1267 757 1556 844 onlflollolli.

384 949 424 1008 56
536 949 562 1014 l.
596 949 711 1035 Regali
733 951 865 1037 imperio
887 951 962 1017 fidei
985 950 1176 1034 catholicae,
1202 969 1297 1035 quam
1318 957 1481 1031 tenemus,
1507 949 1720 1035 praecipimur
1740 949 1874 1015 reddere
1896 949 2062 1031 rationem,

450 1052 588 1136 ideoque
617 1053 823 1138 adgredimur
851 1075 907 1140 pro
935 1061 1113 1121 nostrarum
1143 1053 1258 1120 virium
1287 1053 1521 1132 mediocritate,
1552 1052 1659 1118 divino
1681 1052 1753 1118 fulti
1775 1053 1950 1135 adiutorio,
1982 1073 2065 1134 quae

450 1155 609 1222 oredimus
642 1158 694 1222 vel
723 1157 946 1242 praedicamus
975 1158 1114 1224 breviter
1141 1159 1297 1224 intimare.
1350 1157 1489 1223 Primum
1519 1155 1616 1240 igitur
1645 1156 1686 1222 de
1716 1156 1838 1222 unitate
1867 1156 2064 1223 substantiae

449 1258 549 1344 patris
578 1267 611 1326 et
640 1259 716 1342 filii,
749 1260 834 1343 quod
856 1261 971 1328 Graeci
999 1261 1187 1328 homousion
1215 1261 1338 1344 dicunt,
1370 1259 1593 1346 exponendum
1622 1258 1714 1325 nobis
1736 1279 1808 1326 esse
1831 1260 2062 1343 cognoscimus.
2085 1277 2097 1314 ⁵

449 1363 575 1428 Patrem
598 1383 674 1448 ergo
696 1364 850 1430 etlilium
873 1372 905 1430 et
927 1365 1073 1450 spiritum
1096 1371 1240 1432 sanctum
1262 1363 1309 1430 ita
1328 1363 1362 1429 in
1384 1363 1505 1429 unitate
1528 1361 1656 1430 deitatis
1678 1362 1870 1447 profitemur,
1897 1370 1931 1429 ut
1953 1369 1985 1428 et
2005 1383 2065 1447 pa-

448 1471 529 1530 trem
556 1464 590 1530 in
618 1487 678 1532 sua
706 1468 910 1553 proprietatis
939 1487 1075 1554 persona
1103 1467 1295 1551 subsistere,
1327 1471 1360 1534 et
1381 1466 1482 1532 tilium
1504 1465 1711 1532 nihilominus
1740 1467 1926 1552 inproprie
1954 1471 2063 1531 extare

448 1587 585 1651 persona
605 1577 701 1654 atque
724 1571 869 1657 spiritum
891 1579 1036 1637 sanctum
1058 1590 1212 1656 personae
1235 1589 1313 1637 suae
1334 1570 1561 1656 proprietatem
1589 1571 1726 1636 retinere
1755 1569 1843 1636 fideli
1864 1568 2064 1636 confessione

448 1669 616 1757 fateamur,
642 1695 705 1740 non
728 1674 864 1740 eundem
887 1673 1074 1746 adserentes
1096 1681 1217 1761 patrem
1240 1694 1334 1757 quem
1356 1671 1473 1756 filium,
1498 1693 1601 1757 neque
1624 1673 1758 1739 eundem
1781 1672 1882 1738 tilium
1912 1671 2064 1740 confiten-

448 1780 497 1840 tes
526 1775 580 1856 qni
609 1776 764 1860 paternit
790 1784 847 1843 aut
872 1777 1002 1862 spiritus
1024 1783 1170 1843 sanctus:
1202 1795 1306 1861 neque
1327 1777 1374 1843 ita
1395 1777 1539 1862 spiritum
1563 1783 1706 1842 sanctum
1729 1776 1919 1861 accipimus,
1953 1783 1988 1842 ut
2008 1782 2064 1841 aut
2085 1793 2112 1833 to

448 1883 539 1960 pater
560 1877 602 1944 sit
623 1886 679 1944 ant
700 1877 795 1960 iilius,
821 1879 880 1946 sed
901 1880 1080 1964 ingenitum
1102 1887 1224 1965 patrem
1246 1879 1341 1947 etde
1363 1887 1452 1966 patre
1474 1880 1616 1964 genitum
1639 1878 1739 1945 filium
1762 1887 1794 1946 et
1816 1880 1856 1946 de
1878 1887 1969 1966 patre
1990 1899 2064 1964 pre

447 1979 612 2048 cedentem
635 1983 780 2067 spiritum
803 1991 946 2050 sanctum
970 1984 1064 2051 unius
1086 1985 1245 2051 credimus
1267 2003 1339 2052 esse
1361 1982 1558 2049 substantiae
1580 1983 1632 2048 vel
1661 1983 1836 2067 essentiae,
1868 1983 1945 2066 quia
1971 1983 2064 2068 inge-

447 2082 506 2148 niti
527 2083 627 2168 patris
649 2091 681 2151 et
702 2085 802 2170 geniti
824 2086 883 2152 filii
905 2093 937 2152 et
958 2087 1160 2172 pmcedentis
1182 2087 1312 2173 spiritus
1335 2086 1438 2152 sancti
1460 2105 1524 2151 una
1545 2092 1594 2151 est
1616 2085 1738 2170 deitas,
1770 2093 1835 2152 tres
1857 2106 1931 2153 vcro
1954 2106 2062 2172 perso

381 2186 421 2247 57
448 2205 560 2252 narum
593 2188 813 2274 proprietates.
859 2190 901 2256 nt
932 2191 1009 2275 quia
1037 2198 1146 2258 contra
1175 2192 1259 2256 hanc
1288 2190 1477 2257 catholicam
1507 2190 1558 2255 vel
1588 2189 1796 2275 apostolicam
1825 2189 1921 2256 iidem
1953 2197 2062 2256 exorta

446 2288 590 2356 haeresis
604 2292 777 2358 novitatem
792 2294 953 2376 quandam
967 2293 1147 2378 induxerat,
1172 2293 1324 2360 adserens
1346 2292 1447 2358 filium
1469 2312 1531 2357 non
1554 2292 1594 2358 de
1616 2293 1716 2378 patris
1739 2293 1917 2358 substantia
1938 2301 2058 2376 natum,
2084 2311 2112 2351 ¹⁵

448 2392 506 2458 sed
520 2414 560 2459 ex
582 2393 679 2460 nullis
702 2395 894 2478 extantibus,
919 2395 953 2462 id
976 2403 1086 2464 estex
1108 2396 1210 2462 nihilo
1231 2395 1427 2462 substitisse:
1455 2395 1497 2461 ud
1519 2395 1601 2462 hanc
1622 2395 1796 2482 impietatis
1818 2395 2058 2482 professionem,

446 2515 530 2578 quae
546 2503 653 2563 contra
667 2496 763 2564 fidem
779 2506 962 2584 emerserat,
988 2498 1198 2565 refellendam
1220 2505 1253 2565 et
1273 2497 1400 2584 penitus
1422 2497 1612 2564 abolendam
1634 2499 1820 2566 homousion
1843 2518 1946 2565 sermo
1967 2519 2062 2584 grae·

446 2618 502 2664 cus
531 2599 653 2683 positus
682 2607 747 2686 est,
780 2600 866 2683 quod
886 2601 1113 2686 iuterpretatur
1134 2603 1228 2669 unius
1251 2602 1450 2669 substantiae
1472 2603 1523 2668 vel
1546 2603 1722 2686 essentiae,
1754 2602 1940 2684 significans
1961 2601 2061 2667 tilium

445 2722 508 2768 non
537 2723 578 2768 ex
600 2703 698 2770 nullis
721 2704 903 2770 extantibus
925 2725 983 2771 nec
1005 2725 1045 2770 ex
1067 2705 1134 2771 alia
1156 2705 1351 2788 substantia,
1384 2706 1441 2770 sed
1465 2704 1505 2771 de
1526 2710 1617 2790 patre
1640 2712 1748 2770 natum
1771 2724 1854 2771 esse.
1902 2705 1964 2784 Qui
1986 2725 2062 2788 ergo

446 2812 537 2890 putat
571 2807 759 2873 homousion
788 2807 1015 2892 auferendum,
1049 2827 1088 2874 ex
1124 2807 1225 2874 nihilo
1259 2809 1328 2874 vult
1356 2806 1505 2875 adserere
1535 2807 1634 2874 filium
1663 2807 1818 2874 extitisse.
1865 2807 1930 2874 Sed
1961 2808 1988 2873 si
2021 2828 2061 2873 ex
2081 2827 2111 2870 no

445 2909 547 2975 nihilo
575 2930 639 2976 non
667 2915 732 2993 est,
766 2931 807 2976 ex
828 2918 918 2997 patre
942 2911 1011 2978 sine
1034 2911 1130 2977 dubio
1153 2917 1218 2995 est,
1244 2916 1277 2978 et
1297 2915 1382 2977 recte
1404 2909 1607 2994 homousion,
1633 2910 1667 2976 id
1690 2917 1738 2977 est
1759 2911 1854 2976 unius
1877 2930 1947 2977 cum
1970 2917 2061 2997 patre

444 3013 653 3097 substantiae,
679 3013 765 3080 filius
787 3020 845 3080 est.

381 3118 419 3179 58
530 3115 574 3182 11.
601 3117 650 3180 Ex
672 3123 762 3202 patre
784 3124 891 3184 autem
913 3137 996 3202 esse,
1020 3117 1055 3184 id
1077 3122 1127 3184 est
1148 3117 1242 3184 unius
1264 3136 1334 3182 cum
1357 3123 1447 3203 patre
1470 3116 1684 3198 substantiae,
1718 3117 1770 3181 his
1791 3116 1980 3182 testimoniis
2002 3117 2061 3182 ad·

445 3219 606 3304 probatur,
632 3220 776 3305 apostolo
799 3220 942 3288 dicente:
969 3221 1036 3306 qui
1058 3241 1142 3287 cum
1165 3219 1219 3287 sit
1241 3220 1437 3307 splendor
1458 3219 1621 3304 gloriae
1644 3225 1683 3287 et
1706 3219 1843 3304 figura
1866 3220 2060 3286 substan·

445 3321 531 3389 tiae
553 3322 657 3404 eius,
684 3341 834 3407 gerens
857 3343 1018 3407 quoque
1041 3323 1176 3389 omnia
1196 3323 1319 3389 verbo
1341 3323 1515 3389 virtutis
1538 3343 1648 3390 suae.
1689 3321 1865 3390 Etiterum
1888 3323 1956 3408 ipsc
1979 3321 2110 3390 deusne

445 3431 537 3510 pater
563 3425 796 3492 incredulorum
823 3426 990 3510 perfidiam
1011 3425 1200 3511 obiurgans,
1232 3425 1287 3509 qui
1308 3426 1522 3512 praedicantis
1544 3446 1602 3512 per
1622 3427 1793 3512 pmphetas
1815 3425 1874 3492 filii
1895 3446 2005 3492 vocem
2027 3426 2061 3490 in

446 3548 504 3595 sua
520 3529 700 3596 substantie
715 3537 895 3596 manentem
910 3529 1022 3597 audire
1037 3529 1215 3614 noluerunt,
1238 3529 1334 3596 dixit:
1361 3550 1437 3596 non
1459 3529 1684 3596 audierunt
1705 3549 1841 3596 vocem
1864 3530 2061 3596 substan-

445 3632 531 3698 tiae
553 3652 680 3699 meae:
712 3651 806 3718 quam
823 3653 931 3700 vocem
954 3633 1153 3700 substantiae
1175 3639 1386 3720 contemptam
1409 3633 1542 3700 terribili
1564 3634 1791 3702 contestatione
1812 3633 1991 3719 increpans,
2018 3635 2061 3700 ad

446 3735 582 3802 eundem
605 3736 793 3822 prophetam
816 3736 1096 3821 loquiturdicens:
1123 3728 1244 3822 super
1265 3744 1423 3803 montes
1445 3737 1626 3822 accipite
1649 3738 1856 3822 planctum
1879 3743 1917 3804 et
1939 3755 2060 3822 super

515 3943 556 4007 tl)
577 3943 663 3998 Hohr.
685 3945 708 4007 i,
729 3947 753 3995 3.
860 3944 900 4007 27)
921 3943 1020 3998 leram.
1040 3945 1065 4009 9,
1087 3946 1128 3994 to.
1234 3943 1275 4008 29)
1296 3943 1365 3998 ibid.

447 4137 853 4146 μα’-...-

517 4272 526 4322 1
556 4274 659 4322 mam.
681 4285 762 4321 urana
780 4285 799 4319 rr
822 4273 886 4332 (tusc
904 4286 953 4320 om.
973 4271 1003 4332 L)
1030 4285 1131 4320 rscrrrr
1148 4284 1228 4321 arnna
1247 4272 1303 4335 (orn.
1323 4271 1354 4332 V)
1381 4284 1455 4320 ruunt
1474 4284 1636 4320 carnencas
1654 4271 1756 4330 BLRV,
1786 4285 1840 4319 rrae.
1860 4285 1983 4321 uramus
2001 4287 2060 4320 sar-

446 4371 580 4408 sconottma
597 4371 797 4407 carucurcoauar
814 4373 849 4406 an
867 4369 1024 4405 uursxarcux
1042 4371 1132 4406 nossa
1150 4369 1347 4404 nuannanonuta
1365 4370 1455 4406 nascas
1480 4357 1517 4420 Α,
1546 4357 1620 4405 Liber
1635 4355 1771 4407 'catholicae
1795 4357 1854 4406 ndei
1872 4375 1904 4419 p,·
1932 4359 2004 4419 volpe
2022 4359 2060 4408 hic

446 4445 505 4493 iiber
523 4446 568 4492 111
585 4447 678 4506 incipit.
716 4444 781 4493 Bane
798 4447 879 4492 moaci
897 4443 1089 4504 Pnpmcordtius
1108 4443 1163 4492 hiat.
1183 4441 1262 4492 Vocati.
1280 4457 1308 4503 p.
1327 4443 1492 4503 bellavit,
1519 4441 1584 4491 hasne
1601 4443 1711 4494 libellam
1726 4447 1847 4506 posterius
1870 4444 1969 4492 Victoris
1986 4445 2060 4493 tiato-

446 4533 497 4579 rioe
513 4533 632 4580 immam
649 4543 697 4578 me
714 4530 807 4586 cicini,
831 4531 981 4590 ammana
1003 4529 1034 4577 ab
1058 4543 1085 4577 eo
1104 4531 1206 4590 peciolis
1230 4528 1273 4576 icc
1296 4527 1436 4576 addendum
1458 4533 1508 4590 est,
1534 4528 1643 4578 libellum
1665 4543 1717 4578 non
1734 4534 1855 4579 minere
1872 4529 1929 4594 fidei
1946 4529 2060 4590 docmata

446 4617 832 4678 breviioamtenttlaeoocepie,
852 4615 894 4664 ceci
908 4619 1040 4664 traebiam
1051 4614 1215 4676 &emunctam
1225 4613 1451 4677 peottmdcum
1464 4616 1574 4662 inuitato
1677 4614 1864 4664 ltenemurB
1969 4615 2059 4665 stulti

446 4717 530 4763 om.p
633 4702 767 4750 auxilioA
870 4714 936 4764 quae
954 4701 992 4748 A:
1011 4700 1076 4762 quod
1094 4700 1196 4763 BLBV,
1217 4713 1325 4763 quamp
1429 4699 1605 4749 5homonslon
1625 4701 1664 4748 A:
1683 4702 1809 4752 omousion
1826 4699 1922 4749 BLRV
1937 4701 2057 4766 (semper),

446 4789 610 4849 homoualup
632 4790 671 4850 (ric
686 4787 836 4850 plerumque)
942 4787 1148 4848 cognoscimurA
1252 4783 1331 4834 'isus
1349 4785 1508 4848 proprietatis
1524 4799 1630 4847 persona
1649 4786 1757 4835 ABLV:
1777 4802 1821 4836 sua
1838 4789 1986 4850 proprietate
2004 4803 2059 4850 per·

446 4887 521 4924 sonae
538 4874 587 4936 lip,
607 4887 667 4923 artae
685 4876 835 4937 proprietate
852 4885 971 4936 personae
989 4871 1028 4922 eti.
1043 4871 1118 4921 Buta.
1224 4873 1332 4920 excitare
1350 4871 1370 4918 V
1472 4869 1487 4919 8
1504 4873 1606 4921 rennerl
1619 4871 1667 4919 BV
1767 4872 1783 4921 9
1802 4887 1883 4934 neque
1900 4873 2007 4922 eundem
2021 4875 2057 4921 A:

447 4962 552 5010 cundem
570 4974 618 5008 σπι.
639 4959 746 5022 131,on
763 4964 786 5007 et
803 4961 877 5020 caupo
994 4959 1024 5007 lo
1042 4953 1098 5023 qui]
1116 4958 1175 5019 qula
1193 4957 1224 5020 li,
1245 4971 1327 5019 qusp
1439 4957 1472 5005 sit
1489 4969 1537 5006 orn.
1558 4959 1579 5004 A
1692 4959 1726 5006 ita
1744 4974 1791 5008 em.
1813 4959 1851 5020 Rp
1962 4961 2059 5022 aceepi-

448 5061 535 5108 nrusp
640 5045 668 5095 11
689 5047 719 5094 de
736 5052 806 5108 patre
825 5045 934 5094 ABLV:
953 5045 983 5093 tle
1001 5049 1071 5107 patre
1089 5048 1114 5091 et
1132 5043 1184 5091 illio
1202 5041 1241 5103 Bp
1258 5048 1281 5091 ct
1298 5042 1380 5103 wipo,
1401 5040 1436 5101 cf.
1457 5045 1525 5107 intio
1541 5045 1766 5104 recapitulationem
1783 5049 1799 5104 ἕ
1817 5047 1850 5093 95
1956 5044 1986 5094 12
2004 5043 2059 5112 nel]

446 5140 506 5194 etp
612 5132 640 5181 ii
661 5131 763 5180 exhorta
781 5131 853 5179 BRV
957 5130 987 5179 15
1006 5133 1093 5177 natum
1112 5129 1151 5175 A:
1168 5128 1283 5188 genitum
1301 5127 1411 5188 131,an
1428 5133 1450 5176 et
1467 5131 1542 5189 culpo
1659 5129 1688 5179 it
1706 5131 1823 5192 poenitus
1841 5131 1983 5180 obolendam
2002 5131 2024 5179 Β

449 5219 479 5270 18
502 5215 578 5288 qnod]
596 5218 680 5280 quib
783 5217 912 5266 essentiae
930 5216 952 5263 13
1073 5212 1105 5263 19
1128 5213 1207 5262 nullis
1224 5215 1288 5261 mai.-
1312 5212 1609 5275 hildinemensem,
1631 5215 1668 5264 ecl.
1690 5215 1748 5264 Lor.
1767 5221 1790 5264 et
1806 5217 1880 5278 culpo
1984 5222 2058 5267 natus

447 5305 468 5352 B
571 5317 628 5365 ergo
645 5305 708 5352 mei:
727 5315 787 5350 nero
804 5303 842 5350 eti.
858 5301 934 5350 Boin.
1039 5299 1068 5348 21
1091 5299 1115 5347 id
1135 5305 1174 5347 est
1191 5311 1271 5360 σω
1374 5297 1406 5348 23
1424 5300 1606 5362 shpmbeturA
1709 5299 1741 5349 25
1758 5302 1909 5350 eiusom.A
2014 5317 2057 5362 ge-

447 5404 503 5440 rens
524 5428 551 5440 ..
572 5403 658 5439 nocem
676 5390 702 5438 in
722 5402 767 5436 sna
787 5389 820 5450 iv.
841 5385 882 5449 26)
902 5400 987 5448 ceap
1119 5386 1195 5433 uerba
1217 5385 1275 5433 Vct
1296 5384 1401 5446 summa
1532 5385 1586 5447 ipse
1603 5387 1736 5434 itemml,
1872 5387 1959 5437 261111
1978 5389 2023 5437 BL

446 5474 477 5525 21
496 5477 652 5524 substantia.
670 5470 835 5541 ‚audierunt]
854 5477 880 5522 et
897 5472 1061 5521 substantiam
1080 5471 1214 5520 uoluerunt
1231 5469 1318 5518 andire
1336 5471 1448 5520 heretici.
1480 5471 1553 5518 Dixit
1570 5471 1634 5520 alius
1651 5470 1771 5534 propheta
1788 5485 1836 5520 nou
1854 5473 1989 5523 audierunt
2004 5491 2022 5537 p

445 5562 478 5613 28
495 5575 565 5610 meae
583 5562 621 5609 A:
640 5575 688 5611 ont.
708 5559 776 5608 BLB
783 5560 817 5622 Vp
834 5565 857 5608 et
874 5561 948 5619 culpo
969 5559 1086 5618 (Vutpetu
1104 5555 1189 5604 hebet:
1208 5568 1255 5603 nou
1275 5555 1409 5605 andierunt
1427 5569 1511 5604 uocem
1530 5556 1690 5617 possidentis)
1815 5563 1981 5620 contemptam
2000 5559 2056 5621 Ap:

445 5653 586 5697 contentam
603 5646 635 5709 lt,
656 5653 750 5695 contarn
769 5645 825 5706 BV,
844 5659 900 5694 cum
918 5644 1008 5692 taan
1119 5643 1301 5691 contestatione
1319 5641 1396 5704 ABp:
1415 5642 1576 5690 intestatione
1595 5642 1667 5690 BLV
1785 5643 1818 5693 29
1836 5645 1939 5707 accipite
1959 5645 1997 5692 A:
2016 5662 2057 5696 ac-

446 5737 501 5799 clpc
518 5731 640 5798 BLRVp‚·
666 5733 770 5796 Vutputu
789 5731 872 5780 botei:
891 5744 967 5800 snper
984 5735 1081 5780 morrtes
1098 5743 1221 5784 assuantur
1240 5729 1326 5780 netum
1345 5733 1370 5778 et
1387 5728 1523 5784 laurentum
1542 5732 1585 5776 etc.
