4508 6434
1163 440 1311 494 CORlPPl

812 634 961 693 nutantes
983 628 1107 693 animos
1128 627 1265 712 propriis
1288 647 1323 692 se
1347 626 1481 693 reddere
1506 626 1619 710 signis.

813 750 983 795 assensere
1005 730 1075 794 viri.
1124 730 1237 795 castris
1260 749 1413 796 censuere
1436 729 1588 812 malignis

813 833 969 916 paulatim
992 838 1148 916 temptare
1171 832 1293 915 fugam.
1341 853 1392 898 me
1414 831 1517 897 noctis
1539 831 1663 896 amicae

812 935 953 1019 eripiunt
973 934 1152 1018 trepidum,
1179 935 1273 1000 turba
1295 935 1484 1014 comitante,
1511 932 1674 999 tenebrae.

811 1038 1066 1122 perveniensque
1090 1058 1178 1103 meas
1201 1038 1269 1102 vidi
1292 1059 1362 1102 curn
1386 1039 1522 1121 coniuge
1546 1037 1652 1102 sedes.

813 1141 933 1206 deserit
955 1141 1106 1206 infandos
1129 1141 1258 1224 fugiens
1281 1141 1454 1207 Mamurius
1478 1141 1595 1206 hostes.

812 1249 885 1327 post
907 1243 1052 1326 sequitur
1074 1243 1180 1308 miles.
1226 1243 1328 1308 voluit
1350 1244 1550 1326 quicunqne.
1577 1241 1742 1308 remansit.

812 1345 993 1411 Iustiniana
1014 1345 1098 1430 polis
1120 1347 1282 1411 nocturnis
1305 1346 1457 1430 panditur
1477 1345 1587 1411 armis.

814 1448 992 1532 proditione
1015 1449 1070 1532 pia
1093 1450 1171 1514 civis
1194 1449 1347 1534 patefecit
1368 1449 1502 1514 amicus.

790 1551 866 1617 bic
888 1551 966 1635 iuga
988 1573 1051 1617 non
1073 1553 1177 1637 potuit
1198 1553 1289 1617 saevi
1311 1553 1444 1617 sufferre
1467 1551 1606 1636 tyranni.

814 1654 908 1737 signa
929 1661 1037 1720 tamen
1061 1656 1180 1720 clausis
1203 1656 1378 1721 servabant
1399 1655 1530 1740 publiea
1552 1653 1660 1719 muris.

814 1778 873 1822 nec
897 1757 1000 1842 potuit
1022 1758 1208 1840 quisquam,
1236 1778 1349 1843 eampo
1372 1778 1565 1840 congressus
1588 1763 1718 1840 aperto,

815 1859 963 1925 hostilem
986 1867 1142 1945 temptare
1165 1882 1306 1926 manum.
1353 1881 1412 1926 nec
1434 1862 1565 1926 credere
1589 1859 1701 1925 ductor

813 1964 878 2028 iarn
902 1964 1002 2028 voluit
1025 1964 1121 2029 sociis
1144 1965 1250 2030 Sintia
1273 1964 1401 2030 vivente
1427 1964 1583 2046 maligno.

901 2065 1011 2131 Africa
1034 2066 1109 2132 dum
1131 2067 1230 2132 tantis
1253 2073 1408 2150 urguetur
1430 2067 1518 2132 fessa
1540 2065 1684 2151 periclis,

815 2169 1020 2235 Ariobindeis
1042 2169 1201 2236 fulsemnt
1221 2191 1362 2254 aequora
1383 2170 1497 2254 proris.

816 2270 956 2337 adventu
979 2279 1130 2358 stupuere
1153 2274 1256 2339 ducis.
1303 2293 1384 2356 gens
1414 2273 1524 2338 territa
1546 2271 1644 2338 cessit

817 2376 1009 2457 Laguantan
1031 2375 1136 2441 terris.
1184 2377 1306 2441 utinam
1329 2397 1391 2441 non
1414 2376 1471 2441 ille
1494 2382 1628 2460 penates

816 2477 994 2543 Poenomm
1017 2480 1152 2544 vidisset
1174 2478 1276 2544 iners!
1304 2486 1380 2544 turm
1402 2479 1512 2544 Africa
1533 2476 1643 2544 clades

818 2583 977 2666 persensit
1000 2581 1146 2664 graviore
1169 2582 1255 2646 malo
1278 2601 1458 2664 saevasque
1481 2581 1612 2666 rapinas

816 2685 899 2750 inter
920 2693 1088 2768 utrumque
1111 2684 1236 2750 ducem.
1283 2685 1386 2750 nescit
1406 2685 1577 2750 commissa
1598 2690 1742 2768 potestas

816 2789 973 2871 aequales
996 2790 1129 2853 sufferre
1152 2788 1245 2853 duos.
1293 2789 1447 2854 consortis
1469 2788 1607 2853 amicum

818 2892 950 2956 saecula
971 2891 1062 2956 nulla
1084 2891 1200 2956 ferunt.
1248 2889 1295 2955 sic
1316 2909 1374 2956 nos
1397 2890 1548 2976 exempla
1573 2890 1711 2975 priorum

817 2996 890 3080 ipsa
912 2995 1037 3060 docent.
1085 2994 1178 3079 primi
1201 2994 1344 3076 sequitur
1366 3014 1425 3078 pes
1448 3001 1534 3070 rnota
1556 2992 1735 3072 secundus,

818 3119 911 3164 crura
933 3097 1025 3181 pedis
1048 3097 1161 3178 ritum,
1189 3095 1304 3180 capitis
1327 3117 1387 3162 sua
1409 3097 1552 3162 membra
1575 3103 1767 3178 sequuntur.

819 3206 851 3266 et
873 3200 991 3285 proprii
1014 3199 1143 3284 generis
1166 3198 1302 3265 fructum
1326 3199 1405 3265 dant
1427 3202 1541 3265 arbore
1564 3199 1656 3264 rami.
1691 3264 1695 3271 ,

819 3303 957 3368 mundus
980 3302 1086 3367 adhuc
1108 3302 1197 3367 rudis
1220 3310 1253 3368 et
1274 3303 1382 3388 parvis
1405 3303 1460 3367 vin
1482 3304 1587 3370 laetus
1610 3302 1717 3367 aristis

818 3426 882 3472 non
904 3405 1006 3490 potuit
1027 3411 1153 3490 portare
1176 3405 1275 3488 duos,
1302 3427 1363 3470 non
1385 3406 1527 3471 maxima
1548 3426 1653 3471 rerum

820 3511 937 3591 Roma,
962 3528 1061 3574 novos
1083 3509 1209 3593 proprio
1231 3529 1314 3592 quae
1338 3510 1445 3574 sanxit
1467 3509 1625 3592 sanguine
1648 3528 1767 3573 muros.

819 3611 948 3677 aemula
970 3610 1124 3676 dividitur
1146 3610 1280 3676 confusa
1302 3619 1409 3677 mente
1431 3614 1598 3694 voluntas,

819 3714 1065 3800 despiciensque
1088 3735 1198 3799 parem
1222 3714 1344 3780 discors
1367 3715 1544 3800 permansit
1565 3722 1710 3798 uterque.

820 3817 974 3883 dividitur
996 3818 1143 3901 geminas
1165 3819 1247 3883 inter
1270 3838 1322 3883 res
1345 3819 1477 3904 publica
1497 3825 1616 3902 partes.

820 3920 955 4004 quisque
978 3939 1052 3985 suos
1075 3927 1206 3986 tenuere
1229 3920 1339 3985 duces.
1386 3921 1527 4003 dumque
1549 3921 1605 3986 ille
1629 3922 1786 4005 superbus

820 4043 855 4088 se
878 4023 1014 4108 primurn
1037 4042 1109 4088 esse
1133 4031 1240 4107 putat,
1266 4043 1330 4088 non
1353 4043 1387 4088 se
1410 4030 1519 4090 tamen
1540 4024 1597 4090 ille
1621 4023 1815 4104 secundum,

819 4127 930 4191 Africa
951 4125 1129 4191 barbaricis
1152 4126 1278 4211 planxit
1299 4125 1420 4192 nudata
1441 4127 1576 4212 rapinis.

821 4230 985 4295 ductorum
1008 4228 1114 4311 iussu,
1141 4229 1253 4294 merito
1277 4230 1431 4313 fortisque
1454 4230 1623 4312 Iohannis,

755 4330 757 4340 '
819 4341 1019 4417 temptavere
1041 4330 1128 4396 feros
1149 4332 1262 4416 aequis
1284 4353 1347 4397 non
1369 4333 1514 4417 partibus
1537 4335 1654 4400 hostes.
1693 4321 1695 4324 ¹

821 4436 880 4502 sed
902 4435 979 4501 victi
1002 4435 1123 4520 petiere
1146 4436 1267 4519 fugam.
1316 4435 1476 4502 discordia
1498 4438 1614 4503 mentis

820 4539 898 4604 vicit
919 4557 1028 4603 amere
1050 4537 1147 4602 viros.
1194 4557 1303 4602 rursus
1326 4538 1392 4602 dux
1413 4540 1485 4625 ipse
1506 4539 1667 4606 Iohannes

820 4641 916 4724 signa
937 4659 1070 4707 movens
1092 4640 1211 4706 densos
1234 4640 1324 4706 vadit
1345 4643 1516 4707 moritums
1539 4643 1572 4708 in
1595 4644 1704 4710 hostes

820 4745 957 4810 conlisus
980 4743 1097 4809 virtute
1121 4763 1196 4824 sua,
1223 4744 1384 4827 fortesque
1406 4744 1551 4810 tribunos

820 4867 929 4912 secum
951 4846 994 4912 ad
1016 4847 1105 4912 bella
1126 4847 1276 4930 trahens,
1303 4847 1401 4912 tanbs
1425 4867 1610 4914 concurrere
1634 4850 1784 4915 monstris

822 4971 884 5016 non
906 4950 1022 5017 timuit.
1070 4950 1169 5015 durae
1192 4950 1384 5034 contempsit
1406 4951 1540 5016 vulnera
1563 4953 1672 5016 mortis

821 5075 879 5139 pro
901 5054 1007 5139 patria
1028 5060 1195 5118 contentus
1217 5073 1315 5118 amor.
1364 5055 1522 5139 persensit
1545 5062 1579 5120 ut
1600 5055 1703 5120 hostis

823 5156 997 5223 adventum
1019 5176 1189 5241 properare
1212 5156 1288 5239 leri,
1313 5176 1377 5221 non
1401 5157 1530 5239 segnior
1551 5158 1607 5221 ille

438 5317 845 5334 ------——-——--

505 5406 538 5457 69
557 5405 785 5466 σουευοτεειτίρεί,
804 5401 941 5450 senserel'
1046 5401 1077 5449 'l'l
1096 5401 1315 5463 perdentesquel'
1420 5401 1453 5450 76
1472 5401 1579 5463 piaml'
1666 5403 1729 5450 cluis
1745 5401 1774 5463 Τ,
1794 5402 1939 5461 culusleylt
1953 5403 2035 5455 Mass.

435 5495 541 5557 proiecit
560 5491 639 5540 Meas.
746 5489 779 5538 so
797 5489 886 5536 cedere
907 5487 983 5534 Maza.
1091 5485 1120 5535 81
1143 5488 1215 5536 sociis
1233 5489 1326 5549 scripti,
1347 5489 1423 5535 socios
1445 5488 1466 5533 T
1570 5487 1602 5535 83
1620 5488 1781 5536 Arlcblndeis
1800 5487 1914 5548 Lecton„
1937 5492 2010 5538 ariob
2031 5494 2075 5539 in·

435 5581 476 5628 dls
498 5579 525 5639 T,
546 5577 675 5626 Arioblndl
696 5575 775 5624 Muza.
882 5574 914 5622 85
933 5574 1128 5632 languautanT
1230 5572 1263 5622 92
1282 5574 1394 5621 clnraT
1496 5573 1528 5621 91
1548 5573 1576 5621 ad
1595 5575 1662 5621 bunc
1679 5573 1699 5619 T
1802 5574 1847 5620 uix
1865 5573 1953 5635 Beleia,
1975 5579 2075 5624 moxT

436 5664 469 5713 96
487 5666 576 5712 snnxit
596 5662 616 5708 Τ
734 5660 776 5710 llll
799 5661 842 5708 llle
864 5661 893 5719 T,
913 5661 960 5707 lete
980 5659 1055 5708 Mosa.
1175 5658 1221 5709 lot
1241 5661 1305 5707 laros
1327 5659 1346 5705 T
1462 5657 1509 5707 106
1527 5673 1609 5705 amore
1630 5658 1705 5709 Moza.
1815 5659 1861 5708 lut
1882 5661 1952 5708 uadit
1971 5667 2074 5724 scripsi,

436 5751 502 5798 uldlt
524 5749 552 5806 Τ,
572 5749 621 5796 iult
640 5745 718 5794 Muza.
828 5747 874 5794 rou
893 5761 977 5804 secum
998 5746 1086 5807 Mora,
1107 5747 1206 5793 sotliT
1313 5745 1359 5794 llll
1378 5745 1549 5793 contenuitT
1657 5744 1701 5792 lll
1722 5745 1806 5792 hostes
1829 5745 1849 5790 Τ
