4462 6436
611 1141 614 1148 ’
744 1249 1288 1400 ocurrer

799 1515 867 1612 IN
893 1515 1167 1612 LAVDEM

487 1755 499 1777 ·
557 1723 794 1823 IVSTINI
823 1721 1100 1822 AVGVSTI
1129 1723 1405 1819 MINORIS

874 1943 999 2027 LIBRI
1027 1942 1089 2026 IV.

444 2245 659 2391 [iunuchos
733 2253 738 2265 ’

312 2431 524 2528 praefationi
550 2430 792 2528 praemissae]

232 2585 248 2648 I
269 2583 447 2664 Praefatio,
481 2583 513 2650 in
538 2605 603 2668 qua
625 2591 720 2668 potita
742 2582 856 2648 Iustini
878 2583 940 2647 im-

167 2687 324 2772 peratoris
346 2685 461 2752 laudes
483 2687 661 2771 exequitur.

230 2789 262 2854 11
295 2789 379 2856 Dum
401 2791 525 2856 Avares
547 2791 598 2856 vel
621 2797 735 2873 gentes
757 2789 840 2855 aiias
863 2790 940 2855 sub-

166 2892 251 2958 ditae
266 2893 387 2958 Iustino
402 2901 637 2974 commemorat,
663 2893 705 2958 ad
724 2893 794 2958 eius
809 2891 938 2958 laudem

165 2994 301 3062 refertur
323 2995 464 3062 edomita
487 2996 636 3063 ferocitas
657 2997 876 3062 barbarorum.

230 3100 279 3164 111
308 3100 464 3166 lustinum
487 3099 703 3184 Sophiamqne
725 3099 803 3165 dicit
825 3099 939 3184 dignos

164 3201 309 3288 imperio,
336 3224 357 3268 a
379 3203 494 3288 quibus
516 3203 681 3270 subiectae
695 3210 809 3287 gentes
825 3201 939 3269 foedus

164 3305 254 3390 pacis
276 3307 492 3392 expostulant.

229 3409 273 3474 IV
296 3409 464 3495 Propitiari
486 3409 548 3475 sibi
571 3417 661 3475 vates
684 3409 859 3495 principem
882 3409 939 3475 de-

166 3520 323 3596 precatur,
350 3519 385 3579 ut
407 3513 528 3579 fessum
552 3513 641 3578 senio
656 3524 689 3578 et
703 3513 939 3579 calamitatibus

164 3613 351 3698 inplicatam
364 3616 541 3702 praestanti
555 3623 647 3698 regat
661 3615 790 3701 pietatis
806 3616 933 3683 intuitu.

110 4025 112 4032 κ
185 3977 229 4059 in
256 3977 360 4061 libro
387 3979 510 4080 primo
538 3979 787 4062 mutuentur
813 3980 917 4063 baec.

227 4514 277 4578 III
306 4513 539 4580 Commemorat
560 4519 668 4579 auctor
697 4533 768 4597 eos,
801 4534 936 4597 quornm

164 4617 384 4682 exhortatione
417 4636 545 4682 carmen
572 4616 633 4680 hoc
661 4616 694 4682 in
724 4616 852 4683 laudem
882 4619 937 4684 Iu-

163 4719 238 4786 stini
261 4719 493 4805 conscripserit.

213 4897 300 4956 Ipota
319 4894 348 4943 M
425 4897 449 4944 11
469 4897 565 4944 Anares
583 4895 659 4954 iistis,
686 4909 757 4945 aures
777 4894 805 4943 M
873 4899 932 4944 anb-

161 4982 214 5030 tiita
233 4981 260 5029 Μ

161 5082 214 5116 rum
229 5067 257 5114 M
324 5070 359 5116 lv
377 5070 446 5117 batea
460 5067 487 5116 M

161 5155 177 5201 :i
193 5170 220 5215 p.
237 5155 301 5202 iiic
370 5156 443 5204 uerbo
462 5161 530 5218 regat
547 5157 652 5218 pietatis
669 5157 766 5204 iutuitu
784 5170 835 5204 acea
847 5155 933 5216 aupe-

161 5241 268 5288 riociom
281 5240 445 5304 praefationis
456 5245 586 5302 pertinere,
606 5241 647 5289 sed
660 5243 686 5290 irs
698 5243 746 5306 {iae
756 5241 881 5302 periochae
893 5257 935 5288 cu·

160 5329 220 5388 pitia
236 5326 335 5376 aoeusdi
353 5327 409 5376 iibri
424 5331 500 5390 peimt
517 5331 552 5377 aie
569 5328 621 5389 sere
637 5331 717 5389 posito
734 5329 812 5391 fuisse
824 5331 935 5389 mapieo·

340 4983 447 5030 edomlta
464 4981 535 5040 Rois,
556 4991 583 5031 et
601 4983 693 5036 domita
711 4983 737 5034 M
817 4985 933 5030 baruaro-

554 5070 680 5131 praeaenti
696 5069 773 5118 Brutti
786 5069 849 5118 Acie.
866 5069 935 5116 XXV

163 5418 204 5460 tur
222 5413 371 5462 Mammea:
391 5409 477 5480 [Poir'ta
491 5414 646 5476 Sapientiam
659 5415 769 5477 innomi,
790 5421 819 5462 nt
837 5411 876 5480 se]
894 5429 934 5463 rs-

163 5505 204 5556 gat
222 5501 327 5560 pietatis
346 5501 452 5550 iutuitu.

214 5587 240 5633 in
253 5587 314 5634 libro
326 5587 405 5647 primo
416 5589 577 5636 continentur
588 5586 650 5634 baec
662 5585 747 5636 addidi
815 5587 852 5634 lli
870 5601 937 5634 oom-

162 5677 281 5720 memcrat
298 5681 384 5721 auctor
402 5671 482 5732 iiuia,
508 5679 739 5721 commemoraretur
759 5673 787 5719 Μ
850 5681 936 5722 exorta

163 5760 230 5806 tione
250 5757 278 5804 Μ

1294 2289 1508 2389 [Periocbae

1202 2429 1354 2525 margini
1380 2429 1605 2524 adscriptae]

1080 2790 1112 2854 Π
1141 2791 1231 2872 (praei.
1251 2797 1277 2870 i)
1303 2791 1426 2855 Avares
1441 2788 1494 2853 vel
1510 2797 1623 2871 gentes
1639 2787 1720 2852 aiias
1738 2788 1794 2850 iu-

1017 2892 1100 2959 stine
1122 2892 1268 2958 subditas
1290 2891 1379 2958 dicit.
1877 2891 1878 2896 ’

1080 3099 1128 3164 ΙΙΙ
1167 3103 1259 3180 (praei.
1289 3103 1329 3182 is)
1378 3098 1534 3165 Iustinum
1572 3097 1788 3181 Sophiamque

1017 3203 1132 3288 dignos
1153 3223 1225 3269 esse
1248 3202 1401 3269 describit
1421 3201 1567 3287 imperio.

1082 3411 1126 3476 lV
1151 3417 1243 3490 [praet.
1260 3413 1302 3490 35)
1329 3409 1498 3494 Propitiari
1514 3408 1574 3473 sibi
1591 3414 1688 3492 poeta
1703 3407 1789 3491 prin-

1018 3514 1120 3599 cipem
1144 3514 1343 3600 deprecatur.

1079 3704 1116 3770 In
1139 3704 1268 3770 laudem
1291 3703 1455 3769 anastasii
1481 3701 1658 3785 quaestoris
1682 3704 1789 3768 elocu-

1015 3808 1058 3873 tio
1080 3807 1223 3892 trepiois.

1078 4101 1093 4165 Ι
1123 4105 1142 4184 (1
1169 4103 1195 4184 t]
1222 4099 1422 4166 Praeloooiio
1445 4106 1557 4184 potitae
1581 4097 1621 4164 de
1644 4100 1693 4164 sui
1718 4121 1787 4164 car·-

1013 4203 1108 4269 minis
1131 4223 1237 4288 opere.

1077 4307 1109 4372 ΙΙ
1136 4309 1207 4388 (18)
1247 4305 1411 4372 invocatio
1444 4311 1557 4391 poetae
1589 4307 1784 4392 Sapientiam

1013 4410 1226 4496 deprecantis.
1599 4459 1600 4466 ,

1078 4514 1127 4578 ΙΙΙ
1155 4514 1233 4598 [115]
1261 4513 1553 4578 Commemorantur
1570 4514 1786 4581 exhortatores

1015 4618 1109 4683 buius
1132 4616 1293 4682 carminis.

1062 4897 1099 4944 111
1118 4895 1189 4954 aare,
1211 4897 1234 4943 ii
1249 4895 1276 4942 Μ
1345 4897 1457 4944 discribit
1471 4895 1498 4942 Μ
1566 4898 1667 4958 tropicis
1681 4895 1716 4958 M,
1735 4905 1785 4946 tro-

1010 4985 1073 5046 picis
1094 4983 1157 5044 (acii.
1172 4984 1294 5038 uersibus)
1316 4983 1403 5044 Pupp„
1424 4996 1453 5029 ex
1471 4981 1513 5030 boc
1530 4983 1602 5031 verbo
1618 4989 1732 5045 corrupto
1745 4987 1782 5033 ia·

1009 5073 1164 5132 scriptionem
1180 5083 1292 5117 memisse
1311 5071 1433 5130 auspicor,
1459 5084 1534 5132 quoru
1552 5068 1657 5119 Riuinna
1674 5084 1784 5130 panepy-

1011 5161 1060 5204 rieo
1079 5159 1106 5204 in
1124 5155 1221 5203 &uadem
1241 5157 1368 5204 Annaeus·
1383 5155 1511 5217 praefixit:
1531 5155 1712 5218 Protrepticum

1063 5256 1179 5290 aarum
1192 5243 1201 5289 i
1215 5242 1280 5290 deest
1348 5257 1465 5290 murenas
1477 5243 1502 5290 11
1514 5241 1547 5290 nd
1559 5241 1719 5290 Mantineia
1729 5258 1785 5290 oer-

1011 5345 1065 5377 eam
1083 5328 1115 5377 33
1134 5329 1256 5377 mmovii
1342 5329 1378 5376 Iii
1398 5335 1599 5377 commemoratur
1617 5327 1646 5374 M
1713 5343 1784 5377 exor-

1012 5422 1104 5464 tatoree
1123 5414 1151 5464 M
