4546 6420
426 419 571 485 XXXVI
1127 415 1356 474 Psoosulvu.

431 642 512 708 torio
534 641 724 709 festinanter
737 641 932 726 Carthagine
956 641 1087 727 collegit
1109 643 1323 726 collectasque
1344 639 1388 706 ad
1401 640 1576 706 Iohannem
1600 638 1703 722 duxit,
1730 639 1867 722 exiguae
1882 637 2055 705 admodum

432 761 534 828 tuisse
562 760 720 827 videntur.
768 762 845 827 Plus
875 761 990 828 virium
1019 762 1054 829 in
1076 761 1196 828 Mauris
1226 759 1399 827 foederatis
1429 764 1572 841 erasmi).
1618 761 1661 826 At
1681 759 1902 826 infelicIssimo
1923 759 2053 841 accidit,

433 889 467 949 ut
488 902 597 947 eorum
618 881 740 964 reguli,
767 880 887 948 Cusina
908 889 941 949 et
962 882 1128 965 liisdaias,
1157 883 1241 949 inter
1263 900 1298 947 se
1320 879 1485 952 discordes
1508 869 1598 946 arma
1617 888 1777 966 pararent.
1825 879 1960 946 Iohanni
1982 880 2057 947 Ste-

431 1001 567 1087 phanidi
588 1002 734 1082 demum,
767 1022 863 1086 quem
886 1002 1029 1085 legatum
1050 1001 1206 1086 magister
1226 1002 1259 1066 in
1280 999 1467 1067 Numidiam
1489 1001 1593 1083 misit,
1627 1001 1775 1084 contigit,
1809 1009 1844 1066 ut
1865 999 1967 1066 socios
1989 998 2058 1065 liti-

433 1129 548 1206 gantes
570 1121 653 1189 inter
675 1141 710 1188 se
733 1121 918 1188 conciliaret
939 1129 971 1188 et
993 1123 1035 1188 ah
1056 1129 1190 1206 utroque
1212 1121 1335 1187 auxilia
1356 1141 1475 1205 magna
1496 1121 1756 1207 impetraremus).
1799 1121 1942 1186 Tandem
1964 1140 2053 1203 vere,

433 1250 468 1308 ut
489 1243 634 1326 videtur,
668 1242 744 1308 anni
767 1243 888 1322 548197)
916 1240 1130 1308 Numidarum
1150 1249 1274 1309 turmae
1295 1241 1443 1326 ingentes
1466 1241 1508 1318 ad
1530 1241 1707 1306 Iohannem
1730 1249 1943 1307 accurrerunt.
1991 1240 2056 1306 Cu-

433 1363 506 1429 sina
525 1363 657 1446 triginta
677 1361 785 1445 milia,
814 1360 962 1428 Ifisdaias
984 1369 1111 1429 centum
1133 1363 1224 1428 milia
1245 1363 1426 1428 Maurorum
1449 1360 1624 1428 adduxisse
1647 1359 1820 1446 ferturus
1867 1361 1991 1440 Quibus
2014 1360 2056 1426 de

432 1483 573 1549 numeris
595 1480 753 1566 quidquid
774 1481 968 1565 iudicamus,
994 1483 1062 1549 sive
1084 1503 1177 1550 veros
1199 1483 1266 1548 sive
1289 1482 1372 1548 iusto
1395 1481 1510 1548 nimios
1532 1482 1706 1565 credimus,
1738 1488 1861 1548 tannim
1881 1483 1967 1548 inter
1987 1501 2057 1547 om-

432 1623 490 1668 nes
513 1603 646 1685 constat,
672 1609 748 1668 tunc
769 1602 803 1667 in
824 1602 976 1668 Mauricio
998 1603 1103 1686 magis
1126 1623 1222 1688 quam
1244 1603 1278 1668 in
1293 1602 1445 1668 Romanis
1468 1601 1568 1685 copiis
1591 1602 1749 1668 exercitus
1770 1604 1866 1668 robur
1886 1579 2057 1670 victoriae-

432 1743 494 1807 que
518 1742 608 1807 spem
630 1722 765 1808 positam
789 1721 900 1790 fuisse.
947 1722 1078 1789 Praeter
1100 1722 1253 1790 Casinam
1276 1731 1308 1790 et
1329 1720 1495 1788 Ifisdaiam
1518 1722 1654 1805 laudas,
1687 1723 1814 1788 Aurasii
1844 1724 1959 1788 montis
1984 1744 2052 1806 rex,

433 1843 567 1908 Iohanni
596 1842 760 1928 suppetias
790 1840 895 1925 venii,
926 1842 999 1925 qui,
1032 1863 1224 1927 quamquam
1253 1842 1310 1908 diu
1331 1842 1484 1908 Romanis
1512 1841 1742 1908 infestissimus
1772 1842 1878 1909 fuerat
1906 1851 1938 1910 et
1957 1843 2056 1928 priori

411 1963 583 2052 'Iohannis
604 1963 758 2029 victoriae
779 1962 877 2027 armis
899 1963 1067 2046 offecerat,
1100 1969 1176 2028 tunc
1204 1968 1311 2029 tamen
1333 1963 1514 2028 Maurorum
1544 1961 1676 2028 forsitan
1705 1962 1908 2029 finitimorum
1932 1963 2056 2030 viribus

431 2083 560 2149 territus
581 2081 716 2164 iisdem,
748 2082 864 2164 quibus
885 2082 952 2164 illi,
981 2083 1126 2168 partibus
1149 2081 1352 2166 favebat¹⁹⁹).
1399 2081 1520 2165 Locus,
1546 2102 1609 2166 quo
1631 2083 1811 2148 Maurorum
1834 2084 1956 2149 auxilia
1979 2104 2056 2150 con-

432 2211 605 2286 venerunt,
638 2203 767 2268 ArsurIs
790 2223 809 2268 a
830 2208 926 2287 pocta
947 2204 1152 2284 vocatur²⁰⁰).
1200 2201 1292 2280 Quod
1313 2221 1429 2267 nomen
1451 2223 1554 2285 neque
1577 2203 1610 2267 in
1632 2203 1769 2288 Arzugis
1790 2204 1977 2270 mutandum
1985 2205 2052 2288 201),

433 2343 537 2408 neque
552 2343 609 2409 pro
625 2322 765 2405 AssurIs,
789 2297 1002 2406 ¹Zeugitaniae
1018 2322 1135 2407 oppido
1150 2321 1315 2387 notissimo
1336 2323 1428 2406 (nunc
1443 2321 1601 2388 Heuschir
1616 2323 1745 2406 Zunfur)
1768 2323 2050 2409 accipiendum20'2)

432 2451 498 2525 est,
533 2442 591 2509 sed
617 2443 660 2508 ad
682 2442 814 2528 Byzacii
844 2440 1032 2527 oppidulum
1063 2440 1224 2525 quoddam
1254 2442 1437 2527 epIscopale
1467 2443 1580 2508 ceteris
1610 2463 1630 2507 a
1660 2443 1866 2528 scriptoribus
1892 2465 2055 2527 nunquam

433 2569 640 2629 memoratum
663 2562 800 2648 pertinet
808 2563 874 2646 ²⁰³).
922 2563 1072 2628 Ceterum
1099 2582 1162 2628 non
1190 2563 1223 2627 in
1253 2562 1415 2645 regionem
1438 2562 1612 2628 Lareusem
1635 2563 1814 2630 Maurorum
1837 2571 1982 2631 catervas
2004 2564 2056 2630 in-

432 2691 545 2768 gentes
567 2689 744 2748 contrectas
767 2701 859 2764 esse,
886 2681 944 2747 sed
966 2682 999 2746 in
1021 2682 1153 2767 Byzacii
1174 2689 1296 2767 purtem
1320 2683 1457 2748 uicinam
1480 2683 1710 2749 occidentalem
1732 2704 1794 2749 nou
1818 2692 1867 2751 est
1887 2685 1973 2769 quod
1993 2685 2056 2750 mi⁴

431 2823 552 2882 remur,
588 2802 616 2868 si
645 2801 776 2886 quidem
806 2796 933 2868 facilius
956 2803 1115 2868 exercitus
1138 2804 1235 2868 latius
1257 2803 1422 2888 dispersus
1446 2803 1542 2868 alitur
1564 2824 1660 2886 quam
1683 2811 1810 2870 coactus
1832 2804 1864 2868 in
1888 2826 1985 2871 unum
2007 2805 2056 2870 lo-

429 2944 501 2990 cum
523 2923 665 2989 hibernis
686 2921 822 2986 militum
846 2922 1050 2988 exhaustum.

517 3043 625 3129 Copiis
655 3041 752 3108 tantis
780 3040 922 3106 collectis
944 3041 1103 3107 Iohannes
1134 3042 1239 3107 denuo
1268 3043 1514 3109 concertandum
1541 3050 1629 3110 ratus
1658 3044 1693 3127 in
1715 3045 1881 3130 planitiem
1903 3065 2054 3128 magnam

431 3141 633 3250 Byzacenam
655 3160 839 3241 descendit,
870 3160 959 3226 cuius
981 3161 1015 3226 in
1037 3169 1127 3246 parte
1151 3161 1316 3240 Interiora,
1349 3162 1382 3227 ln
1405 3163 1526 3248 campis
1548 3163 1881 3250 Mammensibus²⁰⁴l,
1915 3172 1948 3231 et
1968 3166 2055 3231 hiar-

351 3269 363 3296 '
431 3284 574 3351 maridae
597 3291 629 3351 et
643 3283 789 3380 Antalas,
815 3279 871 3363 qui
891 3288 964 3366 post
985 3302 1127 3366 pugnam
1143 3282 1336 3347 Martensem
1357 3283 1479 3350 bellum
1495 3293 1670 3368 receperat,
1695 3292 1800 3351 castra
1815 3285 2051 3369 habebant²⁰⁵l.

825 3567 850 3606 at
868 3565 937 3621 pater
955 3559 1082 3608 althrnaue
1100 3575 1160 3609 anas
1179 3563 1218 3608 uis
1240 3561 1286 3618 (oct
1303 3575 1363 3608 anas
1382 3563 1430 3620 ius)
1451 3562 1536 3612 ordine
1553 3577 1638 3626 curas,

430 3662 488 3710 ego:
823 3650 848 3692 at
866 3651 936 3707 pater
953 3645 1080 3694 alternans
1097 3646 1252 3694 Athanaslus
1268 3647 1355 3695 ordine
1373 3659 1444 3695 curas
1517 3647 1525 3663 ’

429 3733 549 3784 tactilrma
566 3735 716 3793 coniectura,
737 3731 829 3779 litteris
847 3732 933 3792 paucis
952 3731 1043 3779 additis
1061 3733 1169 3781 restitui.
1197 3732 1303 3780 Litteras
1325 3729 1395 3782 ‘ath’
1414 3745 1443 3780 eo
1461 3732 1560 3781 saelliua
1578 3735 1726 3784 intercidere
1744 3738 1862 3798 potuisse,
1884 3737 1949 3798 quod
1965 3751 2053 3786 sersus

429 3821 518 3870 rocula
538 3817 589 3867 ‘at'
607 3819 737 3880 inciperet,
758 3819 885 3865 neminem
903 3818 993 3878 lugiet.
1027 3817 1103 3865 Favet
1120 3824 1249 3880 praetcrea
1266 3820 1423 3867 coniecturae
1441 3818 1501 3867 huto
1518 3820 1588 3868 locus
1606 3820 1680 3882 alius,
1701 3835 1749 3883 quo
1762 3821 1827 3868 idem
1840 3821 1885 3872 ille
1897 3825 2052 3874 Athanasius

430 3908 529 3956 Africae
547 3904 689 3968 praelectus
706 3903 829 3965 praetorio
846 3918 860 3949 a
878 3901 983 3966 Gorippo
1000 3909 1164 3966 memoratur,
1184 3905 1239 3955 Ioh.
1260 3903 1459 3954 117232-230.
1497 3905 1588 3954 lisdem
1607 3906 1744 3955 οιι1ιιι1οιο
1763 3909 1845 3956 verbis
1866 3910 1970 3972 ‘pater',
1993 3911 2052 3972 ‘ge-

430 3991 518 4052 nitor',
541 3992 616 4039 ‘caua
633 3987 751 4052 gravitas’
769 3989 823 4037 illic
842 3989 994 4038 Athanasius
1013 3996 1122 4053 ornatur,
1138 3992 1235 4052 ¹quibus
1253 3997 1335 4039 nostro
1352 3991 1405 4040 loco
1423 3992 1495 4056 podta
1513 3993 1604 4041 utitur.
1759 4035 1760 4040 ,

519 4075 573 4138 195)
596 4076 664 4124 Ριοο.
684 4078 709 4126 b.
729 4076 812 4124 Vand.
832 4073 917 4124 1128.
954 4076 1050 4125 lordan.
1071 4077 1140 4128 Rom.
1161 4091 1182 4129 ο.
1204 4075 1254 4126 386
1272 4077 1384 4125 Momms.
1406 4093 1432 4141 p.
1453 4073 1517 4126 idib
1535 4077 1600 4127 hlur.
1630 4077 1742 4127 ‘hiauros
1764 4081 1844 4141 partis
1868 4080 1984 4129 adversae
2007 4094 2052 4144 per

430 4164 545 4226 pacificos
563 4161 661 4210 hiauros
679 4161 827 4222 superatos’.

517 4247 573 4310 106)
595 4247 649 4298 Gor.
668 4247 723 4296 Ioh.
743 4248 792 4296 vil
810 4245 955 4298 212-261.

518 4332 575 4396 197)
595 4334 699 4382 Aestivo
716 4338 826 4395 tempore
844 4339 992 4394 postremam
1009 4334 1126 4383 Iohannis
1144 4335 1330 4397 expedItiouem
1348 4342 1491 4400 susceptam
1508 4348 1564 4384 ease
1578 4337 1640 4385 satis
1653 4336 1751 4385 elucere
1764 4336 1862 4385 uidetur
1875 4351 1889 4385 e
1901 4337 2052 4386 lohannidos

429 4419 640 4470 011320-332.
661 4417 806 4468 tol-³71.
826 4419 886 4467 v111
904 4417 946 4468 st.
967 4418 1026 4469 258.
1047 4419 1106 4470 259.

517 4504 574 4568 106)
595 4505 650 4555 Cor.
669 4505 723 4554 loh.
743 4505 791 4553 vll
808 4503 868 4554 266.
889 4503 948 4554 267.
968 4504 1029 4555 272.

516 4590 573 4653 199)
594 4591 649 4642 (lor.
663 4592 716 4642 Ioh.
732 4592 779 4639 VII
791 4587 850 4641 277.
869 4590 930 4639 vin
945 4589 1002 4640 126.
1035 4591 1125 4640 Parum
1137 4593 1217 4654 igitur
1229 4599 1341 4642 accurate
1354 4593 1487 4654 ProcopIus
1498 4595 1524 4642 h.
1540 4593 1615 4642 Goth.
1630 4593 1666 4641 IV
1681 4592 1710 4642 17
1724 4593 1785 4641 haec
1797 4600 1888 4641 narrat.
1910 4587 2048 4660 (Ἰωάννης)

430 4674 474 4730 ἕνα
490 4684 541 4729 τῶν
560 4674 586 4728 ἐν
604 4671 776 4747 Μαυρουσίοις
793 4673 924 4748 ἀρχόντων
943 4673 1149 4746 ἑταιρισάμενος,
1170 4672 1311 4739 Κουτζίναν
1328 4675 1425 4746 ὄνομα,
1445 4676 1477 4729 cd
1493 4693 1521 4728 τι
1538 4676 1648 4748 πρότερα
1666 4675 1738 4748 μάχῃ
1757 4677 1817 4734 τοὺς
1835 4674 1930 4734 ἄλλους
1949 4676 2049 4747 talanat

427 4761 472 4816 ιιαὶ
489 4761 519 4816 οὐ
537 4760 627 4832 πολλῷ
643 4757 745 4831 ὕστερον
761 4759 879 4816 Ἀντάλαν
898 4761 941 4814 soi
958 4756 1072 4831 Ἰάβδαν,
1098 4761 1124 4816 οἳ
1142 4757 1311 4832 Μαυρουσίων
1334 4771 1386 4816 τῶν
1409 4763 1435 4815 ἐν
1453 4760 1574 4831 Bodotria»
1597 4761 1641 4815 aui
1658 4758 1785 4831 Νουμιδὶρ
1807 4764 1835 4814 τὸ
1858 4761 1951 4833 aprico:
1969 4761 2049 4835 εἶχον,

428 4847 589 4923 ὑποχειρίους
606 4846 753 4918 πεποίηται.
789 4845 890 4900 εἵποντό
907 4864 935 4900 τε
954 4846 1022 4920 αὐτῷ
1039 4846 1066 4900 ἐν
1084 4847 1249 4920 ἀνδραπόδων
1266 4847 1345 4922 λόγῳ.

513 4937 573 5000 200)
594 4935 648 4988 Gor.
668 4936 723 4987 ioh.
742 4933 867 4986 vlitis.
1295 4967 1297 4970 -

512 5023 570 5087 201)
592 5023 681 5086 Haupt
696 5022 787 5086 Opusc.
808 5021 923 5074 111010.

513 5108 572 5171 202)
593 5110 702 5159 I'auxier
720 5109 781 5160 Rev.
801 5108 856 5158 Alr.
877 5107 927 5156 XX
948 5107 1014 5158 1676
1031 5121 1057 5170 p.
1071 5106 1131 5157 296.

513 5195 570 5259 203)
593 5195 649 5245 Not.
669 5207 739 5257 pros.
760 5194 901 5254 Byzaceuae
918 5192 949 5243 67
969 5194 1103 5256 ορ1ιοοροι
1120 5194 1284 5242 Anulitanns
1303 5195 1456 5245 nominatur.

512 5282 572 5342 201)
592 5282 725 5330 Mammam
742 5281 862 5344 oppidum
880 5280 908 5329 in
927 5280 1024 5338 Byzacii
1042 5280 1133 5342 limite,
1155 5281 1250 5340 magula
1269 5281 1296 5328 ln
1314 5281 1416 5342 campis,
1437 5281 1480 5343 qui
1499 5280 1627 5331 montibus
1645 5271 1826 5340 cingebantur,
1847 5281 1921 5328 sitam
1940 5281 2018 5328 tuisse
2038 5293 2052 5328 e

426 5369 538 5430 Procopii
556 5368 583 5419 b.
603 5367 683 5416 Vand.
702 5367 728 5414 11
748 5365 789 5416 11.
814 5366 846 5416 οο
863 5366 938 5414 aedil.
960 5365 996 5414 ui
1014 5364 1030 5414 6
1048 5365 1178 5416 dlacimus.
1216 5362 1290 5425 Sunt,
1311 5367 1355 5428 qui
1373 5372 1483 5434 montem
1502 5367 1656 5427 Burgaouem
1674 5366 1768 5428 campis
1786 5363 1985 5414 MammensIhus
2002 5365 2052 5412 lm-

425 5456 563 5504 mineutsm
584 5453 661 5517 (Ριοο.
674 5455 700 5502 h.
715 5450 796 5501 Vand.
811 5452 835 5499 ll
856 5449 896 5500 11.
914 5447 955 5515 12)
976 5451 1084 5500 eundem
1102 5465 1158 5502 cass
1176 5451 1346 5515 suspicentur,
1366 5453 1411 5514 qui
1429 5465 1497 5501 nunc
1515 5451 1607 5512 Djsbsl
1624 5453 1658 5501 bu
1676 5450 1790 5501 (Ihauem
1808 5455 1913 5499 vocetur
1933 5450 2053 5512 (lauriss

424 5541 503 5605 1.1.).
543 5538 593 5589 Sed
617 5539 726 5589 nomini·
749 5519 820 5586 illius
844 5538 936 5585 reteri·
959 5541 987 5585 st
1009 5537 1132 5600 nominis,
1158 5536 1225 5600 quod
1242 5537 1337 5585 Arabes
1356 5537 1435 5586 monti
1452 5535 1550 5586 cuidam
1569 5537 1726 5598 indiderunt,
1753 5536 1915 5600 similitudini
1933 5536 2051 5585 tortuitae

425 5628 484 5691 qnia
500 5627 577 5676 idaci

510 5710 569 5774 205)
590 5709 645 5760 Cor.
664 5710 718 5759 loh.
737 5710 771 5756 vi
790 5707 936 5758 283-200.
