4546 6420
690 1865 692 1868 -
763 1797 923 1896 LIBER
954 1795 1174 1895 Pllllll'S.

630 2029 748 2112 Signa,
774 2029 872 2095 duces
897 2036 1073 2111 gentesque
1097 2029 1182 2094 ieras
1205 2029 1378 2112 Martisque
1401 2031 1527 2114 ruinas,

542 2133 678 2198 insidias
701 2139 889 2217 stragesque
912 2133 1015 2197 virum
1038 2132 1197 2217 durosque
1220 2133 1363 2216 labores,

544 2243 575 2302 et
597 2236 738 2320 Libycas
761 2235 872 2302 clades
895 2242 928 2302 et
948 2235 1067 2301 fractos
1090 2236 1211 2303 viribus
1234 2237 1361 2318 hostes,

542 2339 759 2423 indictamque
782 2339 901 2406 famem
924 2338 1051 2424 populis
1075 2339 1252 2422 laticesque
1275 2347 1426 2424 negatos,

543 2449 678 2527 unaque
700 2442 826 2509 letifero
848 2443 1015 2508 turbantes
1038 2449 1143 2508 casua
1165 2443 1318 2518 tumultu,

542 2545 685 2611 turbatos
708 2552 888 2628 stratosque
911 2564 991 2611 cano
1013 2545 1212 2631 populosque
1236 2547 1402 2628 subactos,

543 2649 706 2715 ductorem
728 2656 760 2715 et
782 2669 899 2731 magno
922 2649 1105 2731 signantem
1127 2649 1213 2716 facta
1235 2649 1405 2734 triumpho.

541 2741 714 2818 Aeneadas
737 2771 846 2818 rursus
869 2751 1001 2836 cupiunt
1022 2771 1171 2817 resonare
1194 2752 1366 2818 Camenae.

543 2854 671 2921 reddita
693 2855 760 2920 Par
784 2855 908 2939 Libyae
930 2854 1026 2920 bellis
1049 2856 1249 2921 cessantibus
1271 2863 1373 2938 astat,

543 2959 657 3025 certior
678 2965 710 3024 et
731 2959 871 3042 geminis
894 2958 998 3042 fulget
1019 2958 1160 3024 Victoria
1182 2959 1301 3043 pinnis.

542 3061 608 3126 iam
629 3061 738 3128 Pietas
761 3061 850 3128 caelo
872 3069 974 3127 terras
996 3063 1160 3147 prospexit
1181 3063 1223 3129 ab
1245 3063 1321 3128 alto.

543 3165 668 3230 lustitia
691 3165 861 3230 comitante
885 3165 982 3230 simul
1004 3165 1182 3231 Concordia
1204 3166 1358 3232 mundum

543 3268 629 3334 laeta
651 3266 763 3333 fovens
786 3268 905 3350 reiicit,
931 3267 1069 3351 geminis
1091 3269 1242 3353 amplexa
1264 3269 1403 3334 lacertis.

543 3370 602 3436 has
625 3371 708 3437 inter
728 3370 856 3437 medius
879 3371 961 3437 solio
983 3370 1131 3436 sublimis
1154 3373 1195 3437 ab
1217 3373 1299 3452 alto,

543 3473 736 3556 Iustiniana,
762 3473 827 3539 tuis
849 3474 998 3558 princeps
1019 3493 1154 3557 assurge
1177 3475 1363 3560 triumphis,

543 3577 648 3643 laetus
671 3585 703 3642 et
723 3577 868 3642 infractis
891 3577 992 3642 victor
1014 3576 1056 3642 da
1077 3577 1148 3642 iura
1169 3578 1326 3662 pransis.

542 3680 653 3747 inclita
675 3701 746 3746 uam
771 3689 902 3746 cunctos
924 3681 1052 3746 calcant
1066 3680 1206 3765 vestigia
1229 3702 1339 3765 reges,

491 3779 493 3782 ’
543 3785 691 3866 laetaque
714 3785 856 3849 Romano
879 3783 978 3849 servit
998 3784 1063 3848 iarn
1087 3804 1227 3869 purpura
1249 3805 1365 3868 regne,

544 3889 603 3952 snb
625 3887 825 3972 pedibusque
849 3887 913 3953 tuis
936 3887 1038 3953 metus
1062 3887 1274 3972 prosternitur
1296 3888 1412 3968 bostis,

543 3997 576 4055 et
597 3997 712 4074 gentes
733 3990 802 4056 fera
825 3991 930 4057 vincla
952 3990 1071 4075 ligant,
1097 3990 1243 4075 nodoque
1266 3992 1370 4058 munci

543 4100 615 4179 post
636 4103 763 4176 tergum
785 4093 959 4179 implicitas
982 4094 1144 4178 stringunt
1164 4094 1342 4161 retinacula
1364 4096 1501 4178 palmas.

545 4217 644 4263 saeva
666 4197 877 4282 superpositis
900 4199 1081 4284 plectuntur
1101 4198 1187 4264 colla
1208 4199 1341 4264 catenis.

545 4424 662 4487 oraque
685 4425 743 4489 per
765 4411 891 4470 centnm
914 4406 1092 4491 producant
1113 4412 1243 4490 pectora
1266 4413 1388 4469 cantus.

545 4525 608 4571 non
630 4507 709 4594 mibi
731 4507 917 4573 sufficerent
940 4527 1072 4590 sensus,
1098 4527 1163 4573 non
1184 4527 1278 4574 omne
1299 4508 1427 4572 canenti

544 4609 726 4694 ingenium,
753 4610 812 4676 lati
834 4611 973 4677 volitans
995 4631 1053 4696 per
1074 4610 1171 4677 devia
1193 4611 1316 4676 mundi.

545 4713 728 4779 summatim
750 4713 809 4780 illa
831 4734 957 4780 canam.
1004 4714 1137 4780 summis
1159 4714 1240 4779 baec
1262 4714 1412 4779 laudibus
1435 4723 1522 4799 apta.

630 4815 740 4883 Africa
762 4819 822 4882 sub
844 4837 961 4901 magno
983 4818 1117 4884 nutabat
1139 4816 1227 4883 lessa
1249 4817 1379 4902 periclo.

545 4939 620 4986 nam
642 4920 710 4985 fera
732 4920 909 4986 barbaricis
929 4920 1036 4987 rabies
1058 4929 1224 4986 exarserat
1246 4921 1360 5002 annis,

542 5023 686 5104 insidiis,
712 5023 813 5102 semo,
839 5022 977 5088 flammis
1000 5024 1189 5108 populisque
1212 5025 1367 5109 superba,

544 5125 650 5191 omnia
673 5124 871 5192 succendens
893 5125 1037 5211 direptae
1060 5126 1187 5192 moenia
1208 5133 1330 5208 terrae,

544 5229 752 5314 captivosque
775 5228 905 5294 trahens
928 5228 1051 5294 cunctis
1073 5250 1091 5295 e
1114 5230 1258 5314 partibus
1281 5231 1385 5295 Afros.

225 5473 402 5538 ‘letragesque
419 5473 474 5526 cod.
494 5473 624 5532 Budmlc,
644 5473 782 5534 stragasT
884 5473 997 5532 dlibyae
1015 5473 1068 5521 cod.
1089 5473 1155 5523 Bud.
1261 5483 1287 5522 et
1303 5475 1356 5522 cod.
1379 5475 1455 5536 Buri„
1476 5475 1544 5523 acl*
1645 5474 1784 5524 llattsl'

157 5557 340 5607 ieneadesT
453 5561 481 5611 ll
502 5558 627 5623 plenasT
742 5557 772 5608 13
791 5558 921 5607 relecitT
1034 5558 1063 5609 ll
1083 5573 1109 5607 as
1133 5560 1153 5606 T
1266 5560 1297 5608 16
1315 5567 1342 5609 et
1360 5561 1505 5610 nlractiaT
1611 5560 1641 5609 li
1661 5564 1741 5610 uestis
1762 5563 1784 5612 Τ

159 5643 269 5692 ἳῖ-ἳῧ
294 5644 384 5704 sollum
406 5645 541 5696 seeundum
564 5644 652 5692 codicis
677 5645 698 5691 Τ
721 5645 851 5694 intercidit.
888 5648 1014 5706 perierant
1037 5659 1120 5694 uersus
1143 5649 1202 5707 plna
1224 5648 1307 5694 minus
1324 5649 1358 5693 6?
1464 5647 1496 5695 ab
1523 5649 1583 5695 baec
1605 5648 1633 5708 Τ,
1659 5657 1684 5695 et
1704 5648 1781 5698 Mars.

158 5729 190 5778 2⁶3
209 5731 327 5778 berberiis
350 5732 369 5777 Τ
473 5731 505 5781 30
524 5732 616 5780 diretta
636 5731 656 5776 Τ

1541 5811 1575 5884 μ’
