4546 6420
372 447 373 450 ,
446 397 512 462 XX
1145 396 1375 453 Pssoonnrvn.

449 621 603 705 antiquae
630 621 677 704 (C.
694 621 721 686 I.
741 623 778 686 L.
796 620 873 686 VIII
890 623 963 704 210)
991 619 1251 705 orthographiam
1267 639 1493 702 sequamur-
1518 621 1653 686 Colonia
1668 621 1821 688 Cillitana
1843 625 1934 706 {nunc
1950 623 2080 705 Kasrin)

448 741 591 825 itineris,
624 741 711 825 quod
733 742 894 808 Theveste
923 761 982 825 per
1003 741 1195 807 Suffetulam
1218 740 1450 806 Hadrumetum
1480 740 1569 822 tulit,
1602 741 1726 806 mansio
1755 741 1802 807 ita
1828 741 1861 806 in
1890 742 1993 808 triviis
2020 743 2085 808 sita

450 863 581 944 erat⁸⁹),
607 869 642 927 ut
657 861 761 928 Mauri
783 862 886 946 primo
908 861 1030 946 proelio
1052 881 1152 946 prope
1168 860 1352 926 Thevesten
1376 860 1440 926 fusi
1462 860 1525 926 huc
1549 881 1583 926 se
1606 861 1749 946 recipere
1773 869 1805 927 ct
1820 862 1920 947 copiis
1936 862 2085 928 omnibus

452 982 595 1064 undique
626 981 773 1048 celeriter
804 981 947 1047 collectis
971 981 1174 1047 Solomouem
1203 983 1374 1065 expectare
1403 987 1545 1066 possent.
1593 980 1630 1046 In
1659 1001 1779 1065 magna
1807 980 1906 1065 igitur
1934 982 2080 1066 planitie,

450 1121 535 1184 quae
559 1101 731 1168 Gillitauae
755 1101 898 1167 coloniae
923 1101 1078 1183 subiacet,
1105 1100 1307 1166 Solomonem
1330 1121 1361 1166 a.
1382 1105 1442 1164 544
1467 1121 1488 1166 a
1509 1100 1631 1166 MaurIs
1653 1101 1773 1168 victum
1796 1121 1990 1186 caesumque
2010 1121 2083 1168 esse

452 1221 597 1288 arbitror.
645 1221 832 1287 Diiudicata
859 1221 938 1287 belli
969 1220 1096 1287 fortuna
1118 1241 1158 1286 ne
1181 1219 1285 1286 Mami
1307 1219 1436 1303 quidem
1459 1221 1616 1287 foederati
1638 1220 1792 1286 Romanis
1814 1222 1907 1288 victis
1929 1242 2085 1307 peperce-

450 1351 541 1425 runt,
576 1341 634 1408 sed
663 1361 735 1408 cum
758 1342 931 1407 victoribus
954 1341 1046 1406 mixti
1068 1339 1249 1426 provincias
1271 1340 1461 1425 depopulari
1484 1343 1718 1427 coeperuntili.
1764 1341 1912 1426 Byzantii
1935 1349 1967 1408 et
1990 1363 2084 1408 exer-

450 1461 531 1528 citus
562 1483 681 1546 magua
710 1469 801 1545 parte
831 1467 864 1526 et
885 1460 967 1527 duce
996 1461 1129 1544 egregio
1151 1460 1268 1545 privati
1291 1480 1363 1526 cum
1385 1460 1456 1527 acie
1478 1460 1650 1545 confligere
1672 1481 1735 1526 nou
1757 1461 1931 1544 auderent,
1964 1461 2086 1547 oppida

450 1601 555 1664 pauca
584 1581 708 1647 munita
736 1588 925 1664 tenuerunt,
958 1600 1054 1664 agros
1084 1600 1195 1646 omnes
1225 1579 1346 1645 Mauris
1375 1581 1606 1665 praedantibus
1636 1587 1870 1648 conoessemnt.
1919 1581 1981 1660 Qui
2010 1601 2083 1647 cum

450 1722 533 1767 anno
564 1708 718 1786 vergente
747 1700 868 1786 praeda
898 1701 1004 1768 onusti
1026 1700 1155 1766 domum
1177 1699 1366 1783 rediissent,
1398 1721 1482 1767 anno
1504 1701 1693 1784 insequente
1721 1701 1803 1784 (545)
1830 1721 1931 1768 novas
1953 1702 2085 1786 rapinas

451 1822 553 1888 acturi
582 1822 698 1887 iterum
728 1821 762 1886 in
785 1821 957 1904 Byzacium
988 1822 1268 1902 conveneruntui.
1314 1821 1383 1885 lam
1407 1820 1529 1886 Stutias
1558 1841 1700 1904 quoque,
1734 1823 1789 1904 qrri
1811 1823 1908 1887 rebus
1931 1822 2084 1887 Romanis

450 1940 639 2007 florentibus
669 1931 701 2006 in
724 1941 925 2007 Mauretania
947 1941 1087 2024 quietem
1110 1940 1287 2024 egeratill,
1320 1941 1555 2025 provinciarum
1579 1943 1792 2007 Romanamm
1815 1947 1906 2027 parte
1929 1941 2024 2025 potiri
2048 1961 2084 2006 se

450 2082 546 2147 posse
576 2081 729 2147 sperans,
766 2060 878 2146 paucis
908 2061 1117 2126 sectatoribus
1147 2060 1368 2142 Vandalisque
1398 2061 1591 2144 quibusdam
1624 2062 1760 2146 stipatus
1790 2061 1927 2128 Antalae
1957 2081 1993 2126 se
2023 2062 2084 2126 ad-

447 2182 569 2264 iunxit,
609 2181 762 2265 brevique
791 2187 864 2265 post
893 2181 940 2246 rei
969 2181 1050 2246 bene
1081 2181 1243 2265 gerendae
1272 2181 1497 2266 copiarumque
1527 2182 1748 2264 erigendamm
1776 2181 1976 2247 occasionem
2005 2201 2085 2246 nao-

447 2310 501 2368 tus
524 2309 583 2368 est.

540 2457 702 2522 Iohannes
731 2456 817 2521 enim
840 2455 1007 2520 Sisinnioli
1030 2454 1132 2537 iilius,
1166 2456 1380 2521 Romanorum
1403 2455 1469 2521 dux
1491 2463 1657 2539 strenuus,
1691 2457 1745 2540 qui
1768 2455 1943 2539 Byzacium
1966 2477 1986 2520 a
2009 2456 2085 2520 bar-

452 2579 540 2644 baris
571 2576 763 2642 defensurus
786 2574 961 2641 exercitum
984 2582 1060 2640 tunc
1082 2574 1272 2658 colligebat,
1306 2595 1377 2641 oum
1401 2575 1467 2640 alia
1490 2575 1681 2660 oppidorum
1703 2576 1896 2642 munitorum
1919 2575 2085 2660 praesidia

377 2677 378 2680 Ἴ
450 2699 493 2764 ad
524 2717 559 2764 se
588 2697 731 2778 vocavit,
765 2701 832 2760 tum
854 2695 1048 2776 Himerium,
1082 2695 1137 2778 qui
1159 2695 1290 2778 Byzacii
1314 2695 1380 2760 dux
1402 2695 1600 2778 Hadrumeto
1629 2695 1893 2781 (Iustinianopoli)
1921 2701 2080 2780 praeerat,

449 2818 745 2901 blenepbesem‘tl),
779 2815 909 2900 Byzacii
935 2815 969 2878 iu
992 2803 1098 2879 vicu‘m
1120 2815 1298 2898 quendam,
1331 2823 1474 2900 tempore
1497 2815 1627 2882 definito
1651 2837 1760 2882 secum
1783 2815 1952 2881 convenire
1975 2815 2080 2881 iussit.

452 2939 533 3005 Cum
555 2943 663 3003 antem
685 2937 743 3002 illo
765 2936 835 3020 ipsc
851 2935 922 3000 loco
937 2934 1047 2999 hostes
1064 2942 1169 3001 castra
1186 2935 1334 3030 posuisse
1350 2935 1464 3001 certior
1478 2936 1582 3002 factus
1598 2943 1696 3018 esset,
1721 2938 1823 3002 altero
1839 2935 1950 3000 nuntio
1966 2934 2078 3017 alium,

450 3078 544 3142 quem
567 3064 700 3142 peteret,
725 3057 830 3122 locum
853 3054 995 3120 Himerio
1019 3054 1195 3121 denotavit.
1242 3056 1328 3121 Casu
1350 3055 1470 3121 iactum
1493 3064 1552 3136 est,
1579 3064 1613 3122 ut
1635 3056 1765 3124 nuntius
1787 3056 1841 3121 hic
1863 3075 1934 3120 sero
1952 3055 2084 3120 Hadru·

451 3186 571 3244 metum
595 3177 734 3258 veniret,
767 3175 930 3241 Himerius
953 3175 1111 3259 prioribus
1134 3175 1296 3240 mandatis
1319 3176 1489 3242 obsecutus
1512 3197 1610 3262 prope
1633 3177 1863 3261 Itlenephesem
1884 3175 1919 3240 in
1941 3177 2082 3241 Antalae

451 3305 483 3364 et
506 3297 630 3363 Stutiae
660 3296 836 3363 exercitum
858 3295 1033 3376 incideret,
1067 3301 1099 3359 et
1121 3295 1325 3362 multitudine
1349 3295 1585 3362 circumventus
1607 3305 1784 3382 caperetur.
1833 3300 1921 3363 Bene
1945 3294 1991 3359 sic
2014 3315 2082 3360 rem

453 3417 627 3502 Procopius
657 3416 814 3501 exposuit.
863 3415 966 3480 Minor·
993 3413 1075 3480 fides
1098 3413 1236 3499 Oorippo
1264 3416 1432 3496 habenda,
1466 3416 1522 3498 qui
1551 3437 1614 3482 non
1636 3438 1657 3482 a
1678 3418 1823 3485 Iohanne
1846 3419 1945 3504 (luce,
1981 3422 2084 3488 seda

454 3536 755 3622 Stutiaepistulam
777 3536 884 3616 illam,
911 3554 975 3618 qua
997 3533 1159 3599 Himerius
1182 3555 1222 3600 ex
1246 3536 1324 3601 urbe
1347 3542 1499 3601 evocatus
1523 3537 1580 3619 sit,
1607 3538 1759 3622 scriptam
1781 3541 1899 3623 fuisse,
1924 3562 1984 3607 nec
2007 3562 2086 3608 casu

453 3657 601 3739 quodam,
629 3655 688 3721 sed
703 3654 828 3721 Stutiae
852 3653 1028 3718 calliditate
1051 3653 1085 3717 in
1105 3654 1246 3720 ,bostium
1268 3655 2084 3745 1111111111901111110111111110111111131111111194).

454 3771 611 3844 Ceterum
634 3783 684 3842 sat
713 3776 795 3841 bene
818 3774 984 3856 utriusque
1008 3772 1169 3857 scriptoris
1191 3775 1391 3840 narrationes
1412 3775 1497 3841 inter
1518 3795 1553 3842 se
1576 3778 1770 3862 conspirant.
1819 3782 1971 3847 Turmam
1995 3783 2088 3866 equi-

538 4138 580 4202 89)
601 4141 633 4188 It.
658 4140 719 4189 Ant.
740 4153 766 4200 p.
788 4138 820 4186 54
838 4139 877 4186 W.
917 4137 1028 4186 hlorcelli
1048 4137 1135 4185 Africa
1159 4136 1252 4186 CbrIst.
1273 4141 1286 4187 1
1310 4153 1335 4201 p.
1358 4136 1416 4187 1³9.
1454 4137 1548 4187 Gue'riu
1572 4139 1674 4202 voyage
1698 4143 1763 4191 arch.
1790 4143 1851 4192 daus
1876 4146 1899 4192 la
1923 4146 2029 4204 regense
2054 4147 2086 4196 de

453 4227 533 4275 'Iunis
551 4227 564 4274 1
582 4240 607 4288 p.
630 4223 776 4274 322-316.
814 4224 934 4273 Locorum
954 4228 1044 4272 natura
1061 4237 1186 4284 perpensa
1205 4224 1315 4273 dubitari
1333 4225 1435 4286 nequit,
1462 4227 1525 4286 quin
1543 4239 1558 4273 a
1575 4239 1665 4286 magno
1682 4227 1789 4288 itinere,
1816 4243 1865 4290 quo
1884 4231 2009 4280 Theveste
2027 4246 2086 4280 cum

456 4311 581 4361 Suitetula
599 4317 624 4361 et
641 4310 795 4359 Hadrumeto
813 4311 979 4371 tangebatur,
1006 4308 1136 4359 Sriilitaua
1159 4311 1186 4358 iu
1204 4309 1299 4358 colonia
1317 4313 1357 4358 via
1375 4311 1423 4358 alia
1439 4310 1589 4372 devenerit,
1614 4326 1677 4373 quae
1695 4315 1826 4364 meridiem
1845 4330 1933 4364 sersus
1951 4331 1997 4379 per
2015 4318 2085 4366 The-

453 4399 541 4460 lepten
558 4397 667 4457 [Hausch
681 4398 705 4445 el
717 4397 793 4445 Kirna
804 4409 880 4458 prope
893 4395 1032 4455 Feriauam)
1056 4395 1161 4458 Capsam
1182 4397 1260 4456 (nunc
1271 4393 1352 4458 (11111)
1374 4398 1487 4458 petebat.
1521 4395 1601 4446 Cuius
1613 4399 1668 4446 viae
1680 4413 1737 4461 pars
1750 4401 1854 4450 dimidia
1866 4403 1932 4452 iuter
1944 4403 2086 4466 Thelepten

451 4490 477 4532 ct
496 4484 602 4547 Capsam
619 4485 668 4533 1111
685 4485 713 4531 in
732 4483 794 4531 Tab.
815 4482 889 4532 Peut.
910 4483 976 4544 picta
995 4485 1075 4532 extat.

538 4585 579 4650 oo)
600 4587 655 4636 rou.
675 4587 715 4635 111
734 4584 880 4634 liz-444.

537 4688 580 4750 91)
601 4689 668 4739 Proc.
689 4691 716 4739 b.
736 4689 820 4738 Vand.
841 4685 918 4737 1123
937 4678 1062 4744 Ἀντάλας
1082 4683 1110 4738 δὲ
1127 4683 1171 4737 καὶ
1188 4681 1202 4736 ὁ
1219 4690 1271 4736 τῶν
1288 4679 1459 4755 Μαυρουσίων
1478 4685 1582 4755 superb:
1601 4684 1763 4757 ξυνελέγοντο
1782 4686 1855 4746 αὖθις
1874 4689 1900 4742 ἐν
1919 4687 2049 4759 Boionius.

536 4793 577 4856 92)
598 4793 668 4842 Pmc.
687 4794 711 4843 b.
732 4792 817 4841 Vaud.
838 4793 863 4840 11
883 4790 913 4839 ii
933 4791 977 4840 flu.
1004 4787 1082 4857 μόνος
1105 4804 1139 4852 τεΙ
1156 4785 1170 4839 b
1190 4783 1301 4848 Στότζας
1328 4789 1350 4852 (a
1369 4790 1491 4839 Germano
1509 4791 1598 4852 victus)
1627 4789 1672 4842 σὺν
1689 4786 1826 4850 Βανδῑλοις
1849 4791 1944 4864 ὀλίγοις
1967 4793 2030 4844 τισὶν
2056 4794 2083 4852 ἐς

447 4874 627 4948 Μαυριτανοὺς
644 4874 802 4950 ἀνεχώρησε,
821 4873 866 4927 καὶ
884 4873 965 4927 παῖδα
981 4881 1033 4927 τῶν
1049 4891 1118 4932 τινος
1130 4871 1261 4946 ἀρχόντων
1275 4879 1383 4945 rusciae
1394 4872 1481 4944 λαβὼν
1494 4873 1572 4928 αὐτοῦ
1586 4874 1678 4946 ἔμεινε.
1710 4878 1778 4931 Vict.
1795 4880 1861 4930 Tuu.
1875 4881 1914 4930 ed.
1929 4881 2044 4930 Roncalli
2056 4882 2083 4930 11

447 4981 473 5030 p.
495 4965 544 5016 368
574 4965 683 5014 ‘Racilio
700 4980 724 5015 v.
746 4979 767 5014 c.
788 4977 837 5013 cos.
861 4964 892 5025 (1.
913 4963 972 5026 541)
994 4963 1084 5013 Stuzas
1102 4963 1169 5025 apud
1187 4963 1297 5010 Africam
1315 4975 1421 5025 regnum
1438 4965 1468 5013 in
1485 4963 1572 5012 Bromi
1589 4964 1703 5027 partibus
1721 4979 1778 5013 cum
1797 4967 1931 5026 tyrannide
1950 4967 2080 5016 assumit’.

534 5067 575 5131 93)
597 5063 910 5142 Prcc.b.Vand.1123
936 5059 1072 5135 Μενεφὲση
1091 5079 1141 5115 non
1160 5066 1335 5115 contundenda
1353 5071 1392 5115 est
1410 5079 1467 5116 cum
1486 5068 1595 5116 statione
1614 5067 1761 5128 Menegere,
1788 5083 1862 5130 quam
1881 5069 2082 5118 1111111111νί-

446 5158 529 5206 cinam
546 5157 579 5204 It.
599 5155 661 5203 Ant.
681 5169 708 5216 p.
729 5153 770 5214 47,
795 5153 805 5202 1
826 5151 865 5200 W.
886 5152 990 5201 indicat.
1028 5152 1110 5202 Locus
1135 5153 1219 5213 euim,
1246 5165 1294 5214 quo
1312 5151 1442 5202 Himerius
1464 5157 1553 5215 eaptus
1577 5159 1632 5214 est,
1659 5154 1762 5216 propius
1780 5157 1860 5204 multo
1878 5157 1908 5204 ab
1926 5155 2081 5204 Hadrumeto

446 5244 543 5292 afuisse
561 5241 669 5290 videtur.

531 5345 573 5407 94)
594 5344 647 5394 ioh.
667 5343 704 5391 lV
725 5341 752 5391 ll
1174 5340 1303 5403 (Htmcrio)
1322 5342 1385 5389 urbe
1403 5340 1502 5389 sedenti

859 5427 973 5476 blandior
990 5428 1102 5476 infausto
1119 5427 1252 5476 mandatur
1270 5428 1380 5491 epistula
1398 5440 1488 5490 versu,

860 5515 961 5563 nomine
980 5514 1072 5575 scripta
1090 5513 1176 5574 ducis;
1198 5513 1321 5577 milesque
1341 5513 1462 5563 Sinouins
1481 5515 1580 5563 intrans

861 5616 917 5650 esse
934 5601 1054 5650 Iohannis
1071 5603 1116 5651 ait.
1152 5601 1260 5662 legimus
1279 5602 1395 5650 mandata
1423 5602 1514 5661 yranni

858 5688 990 5737 credentes
1009 5690 1127 5739 mandata
1144 5689 1224 5738 ducis.
