4546 6420
426 401 520 468 XLII
1129 400 1359 457 PROOEMIVM.

485 625 486 628 ’
581 619 694 709 ἥκοντα
716 623 837 689 ἔστελλε
860 623 912 689 καί
932 621 1099 711 Ἀρμενίους
1122 620 1241 709 ὀλίγους
1264 619 1361 704 τινάς,
1394 617 1433 686 ὧν
1454 617 1638 709 Ἀρταβάνης
1660 647 1693 702 τε
1715 622 1766 688 καί
1786 617 1931 707 Ἰωάννης
1953 613 2061 708 ήρχον,

578 739 719 810 Ἰωάννου
733 747 850 825 παῖδες,
874 740 1046 830 Ἀρσακίδαι
1069 743 1122 830 μὲν
1146 745 1241 829 γένος,
1268 742 1397 830 ἔναγχος
1421 741 1455 808 δὲ
1478 739 1672 814 ἀπολιπόντες
1688 740 1720 806 τό
1737 740 1863 829 Περσῶν
1880 737 2061 828 στράτευμα,

581 863 613 936 ἔς
641 889 673 930 τε
697 859 874 949 Ῥωμαίους
905 861 996 948 Εόνῖί)
1031 867 1092 938 τοῖς
1128 856 1231 944 ἀλλοις
1260 860 1421 950 Ἀρμενίοις
1457 858 1619 948 αὐτόμολοι
1651 853 1784 948 ήκοντες.
1832 864 1919 948 ξυνῆν
1953 861 1986 927 δὲ
2021 865 2065 949 τῷ

578 981 756 1070 Ἀρεοβίνδῳ
786 979 805 1070 ἥ
836 1009 867 1049 τε
897 981 1015 1072 ἀδελφή
1044 984 1095 1050 καί
1119 983 1268 1072 Πρείέκτα
1297 981 1317 1070 ἡ
1347 981 1437 1071 γυνή,
1473 982 1648 1068 Βιγλεντίας
1678 979 1814 1069 θυγάτηρ
1837 985 1890 1068 τῆς
1914 984 2063 1069 βασιλέως

577 1100 792 1170 Ἰουστινιανοῶ
814 1101 964 1192 ἀδελφῆς.
1002 1101 1037 1170 οό
1061 1101 1118 1190 μήν
1142 1101 1213 1170 οὐδὲ
1236 1104 1359 1191 Σέργιον
1383 1105 1596 1189 μετεπέμπετο,
1623 1099 1693 1168 ἀλλ’
1722 1098 1811 1169 αότόν
1834 1127 1866 1167 τε
1888 1099 1939 1167 καὶ
1957 1097 2062 1188 Ἀρεά-

583 1226 683 1311 βινδον
707 1219 820 1311 Λιβόης
851 1221 1033 1311 στρατηγοὺς
1062 1225 1199 1290 ἐκέλευεν
1230 1222 1324 1307 εἶναι,
1355 1219 1409 1309 τήν
1437 1249 1469 1288 τε
1497 1220 1602 1312 χώραν
1629 1224 1760 1289 καὶτῶν
1783 1229 1972 1310 στρατιωτῶν
1995 1220 2065 1296 τούς

586 1342 772 1432 καταλόγους
789 1346 992 1430 διελομένους.
1032 1345 1206 1431 ἐπέβαλεθ)
1236 1343 1269 1409 δὲ
1285 1344 1403 1430 Σεργίῳ
1419 1344 1472 1430 μὲν
1491 1341 1541 1410 τόν
1563 1339 1694 1430 πόλεμον
1717 1345 1878 1430 διενεγκεῖν
1900 1341 1974 1431 πρὸς
1996 1341 2065 1417 τοὺς

585 1466 617 1529 ἐν
641 1464 794 1552 Νουμιδίορ
818 1462 1005 1553 βαρβάρους,
1035 1462 1215 1553 Ἀρεοβίνδῳ
1244 1463 1278 1529 δέ
1300 1465 1362 1537 τοῖς
1385 1462 1586 1550 ἐν’·Βυζακίῳ
1609 1461 1814 1551 Μαυρουσίοις
1837 1461 1885 1529 ἀεί
1908 1458 2065 1552 διαμάχε-

587 1587 671 1650 σθαι.
719 1581 980 1659 καταπλεόσαντός
1008 1611 1040 1650 τε
1068 1591 1120 1651 τοῦ
1151 1581 1258 1651 στόλου
1288 1581 1393 1650 τούτου
1416 1587 1446 1658 ἐς
1470 1580 1658 1673 Καρχηδόνα
1682 1584 1804 1671 Σέργιος
1828 1583 1881 1670 μέν
1904 1583 1953 1650 ἐπί
1976 1583 2064 1650 Νου-

565 1706 687 1790 μιδίας
712 1702 759 1777 Εόν
781 1708 825 1791 τῷ
847 1706 950 1793 οἰκείῳ
974 1710 1090 1792 στρατῷ
1113 1702 1210 1770 ἀπιῶν
1235 1698 1350 1794 ᾤχετο,
1377 1701 1564 1792 Ἀρεόβινδος
1587 1704 1620 1769 δὲ
1639 1702 1782 1771 Ἀντοίλαν
1804 1729 1837 1770 τε
1858 1702 1909 1770 καί
1932 1700 2064 1777 Στότζαν

585 1820 911 1913 ἐνστρατοπεδεύεσθαι
933 1822 1040 1911 μαθῶν
1064 1822 1143 1913 ἀμφί
1164 1823 1296 1909 πόλινῖθ)
1325 1826 1583 1912 Σικκαβενηρίαν,
1614 1829 1704 1911 τριῶν
1734 1821 1856 1912 ἡμερῶν
1886 1821 1948 1912 ὀδῷ
1971 1822 2065 1912 Καρ-

583 1942 712 2033 χηδόνος
736 1945 914 2032 διέχουσαν,
946 1942 1089 2032 Ἰωάννην
1112 1944 1161 2012 τάν
1186 1943 1372 2012 Σισιννιόλου
1395 1943 1443 2010 ἐπ’
1473 1942 1580 2019 αότοὺς
1603 1929 1740 2010 ἐκέλευεν
1765 1946 1842 2010 ἰέναι
1864 1949 1916 2010 τοῦ
1940 1949 2067 2031 στρατοῦ

584 2062 804 2153 ἀπολεξάμενον
838 2064 916 2132 εἴτι
940 2059 1059 2153 ἀριστον
1083 2061 1139 2152 ήν·
1171 2071 1214 2156 τῷ
1244 2066 1320 2151 δέθῦ)
1356 2065 1473 2152 Σεργίῳ
1501 2065 1616 2154 ἔγραφε
1643 2059 1705 2139 τοῖς

584 2182 820 2272 ἀναμίγνυσθαι,
855 2183 904 2273 ἐφ’
933 2180 959 2275 ᾧ
988 2189 1072 2274 κοινή
1101 2181 1230 2261 ἀπαντες
1252 2182 1345 2272 δμόσε
1366 2188 1429 2260 τοῖς
1450 2188 1606 2272 πολεμίοις
1627 2184 1815 2274 χωρήσουσι.
1863 2186 1987 2272 Σέργιος
2011 2185 2065 2271 μὲν

583 2299 632 2373 οὖν
655 2311 714 2372 τῶν
737 2331 769 2371 τε
791 2309 1005 2393 γεγραμμένων
1028 2306 1080 2372 καί
1101 2312 1154 2374 τοῦ
1177 2309 1266 2394 ἔργου
1288 2303 1393 2373 τοότου
1423 2303 1580 2394 ὀλιγωρεῖν
1610 2307 1705 2392 ἔγνω,
1736 2302 1753 2370 ό
1783 2305 1816 2371 δὲ
1842 2300 1985 2392 Ἰωάννης
2010 2279 2064 2377 ΙΕόν

581 2425 675 2513 ὀλίγῳ
706 2431 824 2514 στρατῷ
853 2423 1002 2515 ἀμυθήτῳ
1030 2424 1202 2512 ήνάγκαστο
1231 2427 1381 2512 πολεμίων
1411 2421 1524 2512 πλήθει
1545 2427 1576 2500 ἐς
1599 2427 1703 2514 χεῖρας
1727 2426 1815 2492 ἰέναι.
1862 2418 1899 2511 ήν
1923 2424 1956 2491 δὲ
1979 2421 2064 2513 αότῷ

584 2547 691 2612 τεκαὶ
714 2543 829 2631 Στότζη
852 2548 930 2632 μέγα
952 2573 981 2612 τι
1003 2543 1051 2612 ἀεί
1074 2549 1104 2621 ές
1128 2544 1279 2634 ἀλλήλους
1302 2547 1405 2634 ἔχθος,
1432 2543 1574 2634 ἑκάτερός
1594 2571 1627 2612 τε
1651 2543 1748 2613 αὐτῶν
1758 2549 1794 2630 θ)
1821 2538 1934 2634 ηίίχετο
1957 2544 2065 2635 φονεὺς
2123 2539 2126 2544 ’

584 2668 715 2753 θατέρου
737 2663 895 2753 γενόμενος
919 2659 997 2734 οθτιο
1020 2665 1057 2752 δή
1081 2670 1111 2740 ἐξ
1135 2665 1303 2753 ἀνθρώπων
1327 2664 1545 2753 ἀφανισθῆναι.
1592 2663 1658 2732 τότε
1679 2672 1769 2754 γοῦν,
1802 2665 1906 2752 ἐπειδή
1935 2664 2066 2754 τάχιστα

482 2849 483 2852 ,
584 2783 603 2873 ἡ
630 2782 713 2875 μάχη
737 2789 768 2851 έν
791 2786 878 2874 χερσί
900 2788 1058 2873 γίγνεσθαι
1084 2787 1226 2873 ἔμελλεν,
1260 2780 1351 2874 άμῳω
1382 2791 1416 2853 ἐκ
1446 2791 1505 2852 τῶν
1529 2788 1736 2873 στρατοπέδων
1745 2789 1779 2872 ³²)
1813 2783 1988 2860 ἐλαύνοντες
2011 2783 2061 2852 ἐπ’

584 2904 735 2994 ἀλλήλους
756 2897 863 2992 ήλθον.
912 2903 928 2971 ίι
958 2907 1012 2993 μὲν
1042 2899 1094 2975 οὖν
1121 2903 1264 2992 Ἰωάννης
1293 2909 1424 2981 ἐντείνας
1450 2905 1483 2973 τὸ
1505 2904 1589 2979 τόξον
1612 2906 1657 2972 ἔτι
1677 2905 1838 2993 προσιόντα
1860 2904 1910 2973 τὸν
1934 2903 2065 2978 Στότίαν

583 3025 661 3094 κατὰ
677 3028 826 3114 βουβῶνα
854 3023 903 3093 τὸν
933 3025 1027 3100 δεξιὸν
1057 3026 1206 3115 ἐπιτυχών
1235 3025 1356 3115 βάλλει,
1390 3024 1406 3094 ὀ
1435 3028 1468 3093 δὲ
1498 3028 1619 3114 καιρίαν
1649 3025 1792 3112 τυπείςίί)
1821 3023 1914 3093 αότοῶ
1944 3027 2061 3110 ἔπεσεν,

582 3140 666 3214 οίίπω
690 3148 743 3233 μέν
766 3144 906 3228 τεθνεῶς,
932 3143 1042 3235 χρόνον
1066 3151 1099 3214 δέ
1121 3173 1188 3214 τινα
1211 3145 1311 3234 ὀλίγον
1333 3145 1427 3236 ταιίτη
1452 3145 1488 3235 δή
1512 3144 1746 3236 ἔπιβιωσόμενος
1768 3172 1805 3234 τη
1826 3151 1938 3234 πληγή.
1972 3147 2064 3212 ἔπελ-

583 3265 686 3342 θόντες
716 3268 763 3333 δὲ’
779 3265 886 3342 πάντες
918 3265 1039 3350 αότίκα,
1072 3263 1138 3334 όσοι
1167 3292 1200 3334 τε
1229 3266 1312 3356 αὐτῷ
1342 3268 1460 3335 εἵποντο
1489 3267 1541 3334 καί
1569 3263 1586 3334 ὃ
1616 3274 1675 3333 τῶν
1699 3267 1902 3355 Μαυρουσίων
1926 3263 2061 3354 στρατός,

582 3385 711 3461 Στότίαν
743 3389 796 3474 μέν
827 3386 1065 3476 ὀλιγοψυχοῶντα
1094 3389 1143 3453 ἔπί
1173 3389 1297 3476 δένδρου
1326 3387 1403 3463 τινός
1433 3389 1556 3470 ἔθεντο,
1590 3385 1676 3454 αότοί
1707 3387 1740 3452 δὲ
1770 3390 1859 3475 θυμῷ
1887 3391 1991 3475 πολλῷ
2014 3388 2064 3466 ἐπὶ

581 3507 650 3583 τοὺς
678 3509 839 3594 πολεμίους
868 3505 1063 3597 χωρήσαντες
1092 3505 1141 3575 τόν
1171 3533 1203 3573 τε
1227 3504 1371 3594 Ἰωάννην
1399 3509 1450 3576 καὶ
1473 3505 1651 3594 Ῥωμαίους
1682 3500 1833 3588 ἅπαντας,
1870 3501 1923 3573 ἅτε
1951 3503 2065 3592 πλήθει

582 3633 686 3716 πολλῷ
709 3625 927 3716 θπεραίροντες,
955 3627 1053 3696 οόδενί
1075 3626 1159 3716 πόνῳ
1181 3630 1355 3716 ἐτρέψαντο.
1402 3626 1468 3695 τότε
1491 3625 1528 3715 δή
1552 3653 1642 3716 φασιν
1666 3630 1759 3693 εἰπεῖν
1782 3625 1831 3694 τὸν
1853 3624 1997 3714 Ἰωάννην
2021 3625 2062 3702 ὡς

583 3747 658 3836 ήδόν
681 3774 747 3815 τινα
769 3746 900 3814 θάνατον
924 3745 1060 3835 θνήσκοι,
1087 3749 1152 3815 ἐπεί
1167 3750 1196 3813 οἱ
1210 3746 1247 3814 τά
1263 3755 1315 3835 τῆς
1331 3747 1424 3836 εόχης
1439 3747 1517 3836 ἀμφί
1532 3754 1575 3836 τῳ
1591 3744 1706 3833 Στότζιρ
1721 3750 1752 3821 ἐς
1766 3749 1859 3836 πέρας
1876 3744 2000 3836 ἀφῖκται
2008 3751 2060 3832 ³⁴).

583 3874 684 3957 χῶρος
708 3871 740 3934 δέ
763 3894 806 3942 τις
828 3861 865 3955 ήν
888 3865 1035 3955 κατάντης
1059 3869 1208 3950 ἐνταῦθα,
1243 3863 1278 3936 αὖ
1305 3867 1341 3955 δή
1367 3867 1454 3936 αιἰτόν
1479 3865 1644 3955 ἀποβάλλει
1666 3863 1799 3942 ὀκλάσας
1821 3864 1838 3933 ό
1860 3867 1960 3942 ἵππος.
2007 3865 2058 3956 ἐφ’

583 3981 619 4055 ἀν
644 3981 732 4062 αὖθις
755 3986 844 4054 αὐτόν
869 3985 1072 4076 ἀναθρῶοκειν
1095 3986 1280 4076 πειρώμενον
1303 3989 1524 4078 καταλαβόντες
1547 3991 1575 4054 οἱ
1597 3990 1737 4074 πολέμιοι
1759 3988 1941 4071 κτείνουσιν,
1968 3980 2065 4075 ἀνδρα

432 4131 465 4196 p.
491 4113 553 4175 515
587 4107 746 4195 γενόμενον
776 4107 847 4196 δόξη
877 4135 909 4174 τε
935 4108 986 4175 καί
1017 4105 1108 4197 ἀρετή
1141 4111 1247 4195 μέγαν.
1292 4102 1366 4196 όπερ
1396 4106 1412 4175 δ
1436 4105 1567 4184 Στότίας
1597 4106 1704 4196 μαθῶν
1727 4104 1903 4194 ἐτελεότηοε
1923 4113 2065 4174 τοσοῖτον

587 4226 696 4310 εἰπών,
729 4226 770 4302 ῶς
796 4224 906 4295 ἔδιστα
934 4227 967 4294 τό
998 4228 1100 4296 λοιπόν
1127 4225 1266 4314 θνήσκει.
1313 4231 1345 4294 ἐν
1371 4226 1464 4316 τοιότη
1493 4256 1529 4317 τγγ
1560 4226 1644 4317 μάχη
1668 4228 1720 4294 καί
1744 4225 1889 4314 Ἰωάννης
1914 4225 2065 4315 Ἀρμένιος

585 4344 769 4437 Ἀρταβάνου
798 4345 929 4437 ἀδελφός
959 4347 1102 4435 θνήσκει,
1138 4349 1213 4436 ἔργα
1243 4353 1275 4422 ἐς
1302 4346 1371 4423 τοὺς
1400 4351 1562 4436 πολεμίους
1589 4345 1810 4434 ἐπιδειξάμενος
1842 4345 1950 4435 ἀρετῆς
1980 4341 2062 4420 ἀξια.

590 4466 730 4558 βασιλεὺς
760 4469 910 4536 δὲταῦτα
933 4465 1064 4543 ἀκοόσοις
1086 4465 1268 4557 περιιόδυνός
1290 4493 1323 4534 τε
1344 4495 1381 4556 τη
1404 4474 1456 4537 τοῦ
1477 4465 1619 4535 Ἰωάννου
1640 4466 1768 4556 γεγονὼς
1791 4465 1899 4556 ἀρετῇ,
1934 4465 2065 4554 μάλιστα

588 4587 757 4678 ἀξόμφορόν
780 4615 811 4656 τε
834 4591 958 4677 νομίσας
981 4588 1061 4655 εἶναι
1082 4594 1144 4655 τοῖν
1169 4593 1250 4655 δυοῖν
1274 4593 1450 4677 στρατηγοῖν
1472 4585 1526 4675 τήν
1550 4585 1647 4676 ἀρχήν
1669 4589 1752 4677 ἔχειν
1761 4591 1813 4672 35),
1838 4586 1888 4655 τόν
1913 4588 1965 4674 μέν
1982 4589 2065 4676 Σέρ-

586 4735 651 4796 γιον
674 4706 765 4784 εόθίις
788 4709 1058 4798 μεταπεμψάμενος
1081 4711 1112 4784 ἐς
1135 4705 1266 4775 Ἰταλίαν
1291 4708 1339 4782 Εόν
1363 4715 1479 4796 στρατῷ
1501 4709 1632 4796 ἔπεμψεν
1641 4711 1699 4794 ³⁰),
1729 4706 1906 4796 Ἀρεοβίνδῳ
1929 4707 1962 4774 δέ
1985 4702 2065 4775 ἅπαν

585 4827 619 4896 τὸ
641 4827 754 4917 Λιβόης
775 4831 933 4917 παρέδωκε
955 4827 1075 4918 κράτος.

672 4954 726 5016 25.
752 4947 900 5038 Γόνθαρις
923 4953 957 5016 δὲ
980 4953 1062 5016 δυοῖν
1087 4950 1175 5036 μησίν
1199 4945 1321 5037 ὕστερον
1344 4945 1504 5037 ήΣέργιος
1527 4951 1649 5015 ἐνθένδε
1671 4946 1769 5015 ἀπιιάν
1792 4943 1891 5037 ᾤχετο
1913 4948 2067 5036 τυραννίδι

586 5072 711 5137 ἐπέθετο
744 5067 844 5159 τρόπῳ
877 5074 996 5158 τοιῷδε.
1044 5069 1217 5137 Gonthuris
1248 5068 1434 5148 Areobindoy
1458 5069 1628 5137 interfecto
1656 5069 1785 5136 Africae
1815 5069 2066 5136 dominationem

582 5198 731 5278 usurpat.
778 5193 891 5258 Paullo
914 5198 987 5276 post
1007 5190 1041 5256 in
1064 5210 1144 5257 uuna
1165 5190 1207 5256 ub
1230 5190 1393 5256 Artabane
1415 5191 1576 5264 Armenio,
1589 5190 1778 5264 trucidatur.

517 5523 559 5586 27)
585 5525 619 5573 ul.
641 5518 716 5579 αὖθις
733 5519 786 5582 ξὺν.
892 5519 933 5584 28)
961 5521 996 5570 αἱ.
1017 5515 1153 5586 ἐπίβαλλε.
1246 5517 1301 5580 39)
1329 5519 1364 5568 ul.
1385 5515 1486 5569 πόλεα-
1575 5517 1615 5578 30)
1643 5521 1679 5570 αλ.
1699 5534 1735 5570 τε,
1843 5516 1884 5580 31)
1909 5519 1943 5566 ul.
1965 5515 2063 5570 αὐτοῖν.

430 5609 471 5672 3²)
497 5610 532 5658 ul.
557 5611 602 5660 τοῦ
625 5605 804 5679 στρατοπέδου.
844 5639 845 5642 =
946 5605 988 5668 33)
1012 5607 1047 5656 ul.
1068 5602 1183 5674 πληγείς.
1325 5603 1367 5666 34)
1392 5605 1428 5654 al.
1448 5601 1552 5672 ἀφῖκτο.
1695 5605 1737 5667 35)
1764 5606 1800 5654 al.
1821 5600 1932 5672 μάλιστα
1955 5600 2061 5654 διέπειν.

431 5695 472 5759 36)
493 5697 528 5746 ul.
549 5691 674 5747 ἔστελλεν.
