4508 6434
692 423 920 478 IOHANNIDOS
939 423 1009 477 LIB.
1030 421 1108 476 VIII.
1133 423 1217 484 11111).

533 633 603 676 cum
627 612 751 691 veniet,
777 612 888 678 laudet
910 611 1008 678 fortes
1030 613 1189 695 rebusque
1213 610 1336 676 fideles.

533 721 607 780 nota
630 715 689 780 viri
713 716 824 781 virtus.
873 716 974 780 oculis
997 715 1157 800 placuisse
1181 715 1324 798 magistri

533 819 604 883 laus
627 819 716 884 vobis
740 839 759 882 o
781 825 916 902 quanta,
943 819 1035 883 uiri’!
1062 819 1109 883 sic
1132 817 1252 884 Ousina
1274 822 1398 882 mentes

533 921 708 987 incendens
731 921 846 987 dubias
869 923 971 987 socios
994 921 1036 986 ad
1058 919 1145 986 bella
1168 920 1289 1004 coligit,

534 1025 716 1107 irarumque
740 1025 834 1090 simul
858 1046 915 1110 per
938 1031 1068 1090 cunctos
1092 1024 1214 1089 semina
1237 1023 1330 1090 fudit.

535 1129 609 1193 moti
633 1129 732 1193 animi
754 1149 811 1212 pro
834 1129 929 1193 lande
952 1129 1041 1192 uiris.
1089 1127 1262 1193 fortissima
1285 1127 1406 1211 campis

534 1232 648 1316 irrupit
671 1233 813 1296 Romana
835 1251 949 1296 manus
971 1231 1146 1312 mistusque
1171 1229 1294 1294 Latinis

536 1335 665 1398 Maurus
688 1354 804 1418 eques,
832 1334 1012 1417 densosque
1035 1334 1122 1399 volat
1145 1333 1209 1399 dux
1231 1333 1302 1418 ipsc
1325 1353 1383 1417 per
1404 1333 1511 1397 hostes

426 1460 438 1496 ε,
536 1427 839 1502 militibrrs'medius
862 1438 1008 1514 feruens,
1035 1438 1197 1521 fortesque
1220 1437 1338 1502 tribuni

536 1561 625 1605 anua
648 1541 762 1606 Latmo
786 1541 901 1607 ferunt.
949 1542 1166 1607 Nasamonum
1189 1548 1288 1606 morte
1313 1546 1457 1606 catervas

537 1643 719 1727 excipiunt,
745 1644 920 1727 hastasque
944 1650 1075 1729 parant,
1102 1650 1133 1709 et
1156 1644 1280 1728 spicula
1302 1644 1446 1709 tendunt.

536 1766 653 1832 aspera
675 1753 750 1812 tuuc
773 1747 883 1832 primis
906 1748 1079 1812 miscentur
1101 1748 1224 1831 proelia
1246 1748 1368 1813 turmis.

536 1850 561 1915 it
583 1851 703 1915 clamor
725 1851 832 1924 caelo,
860 1852 965 1936 pulvis
989 1851 1083 1917 simul
1106 1851 1238 1917 aethera
1261 1853 1398 1937 complet

537 1954 711 2019 obscurans
734 1975 805 2019 eum
829 1955 895 2020 sole
919 1956 1015 2021 diem.
1064 1955 1242 2020 subtexitur
1263 1963 1319 2020 abr·

537 2058 712 2123 missilibus
735 2058 862 2138 densis,
888 2079 1048 2142 nervoque
1072 2059 1205 2125 volatile
1228 2058 1346 2124 ferrum

538 2162 715 2246 spargitur,
743 2169 775 2227 et
797 2162 915 2228 crebris
938 2163 1086 2228 discurrit
1108 2164 1221 2228 lancea
1243 2162 1368 2227 nimbis.

462 2277 466 2285 '
539 2285 669 2349 corpora
692 2285 783 2350 pars,
810 2286 884 2350 pars
907 2286 985 2331 arua
1007 2267 1103 2352 capit.
1150 2266 1330 2348 feriuntque
1354 2265 1534 2346 caduntque

538 2369 613 2434 hine
635 2377 731 2450 atque
754 2369 828 2434 hiue
850 2376 974 2452 gentes.
1022 2391 1140 2453 magna
1163 2369 1278 2434 virtute
1301 2370 1488 2453 premebant

430 2496 442 2532 r
539 2473 757 2537 hlannarides.
806 2473 865 2537 sed
888 2492 962 2557 spes
985 2473 1142 2538 venientis
1163 2471 1228 2538 fida
1250 2472 1395 2554 magistri

539 2576 608 2639 sola
631 2575 744 2641 ducem
768 2576 964 2658 comitesque
988 2577 1082 2642 simul
1099 2567 1303 2661 'populosque
1327 2575 1455 2640 levarit.

624 2678 736 2744 ductor·
757 2687 793 2744 ut
814 2681 945 2764 agnovit
968 2681 1055 2745 fama
1077 2681 1232 2747 volitante
1256 2679 1431 2744 Iohannes.

539 2781 659 2847 Cusina
681 2783 765 2865 quod
788 2783 870 2849 lidus
893 2805 1074 2868 camporum
1097 2785 1130 2848 in
1153 2790 1243 2868 parte
1266 2789 1428 2868 prematur

539 2885 639 2951 Marte
662 2887 769 2968 graui,
796 2887 966 2970 validoque
989 2907 1146 2952 armorum
1170 2887 1309 2972 pondere
1331 2891 1437 2951 nutet.

435 3013 437 3016 ·
539 2989 657 3054 talibus
679 2990 750 3074 ipse
773 3010 848 3056 suos
867 2991 978 3082 ¹verbis
1001 2991 1146 3057 accendit
1168 2991 1200 3056 in
1224 2992 1343 3056 hostes.

544 3093 736 3157 ‘Romanum
760 3094 946 3179 imperium,
972 3101 1086 3176 gentes
1109 3115 1315 3179 quascunque
1337 3093 1450 3158 fideles

540 3195 763 3280 subiectasque
786 3196 890 3278 ridet,
918 3198 1004 3262 cives
1028 3205 1118 3283 putat
1139 3217 1210 3262 esse
1234 3198 1376 3263 Latinos.

540 3301 601 3364 hac
622 3299 742 3383 pietate
764 3301 896 3384 placens
919 3308 1018 3366 totum
1042 3302 1103 3366 sibi
1126 3301 1269 3367 subdidit
1290 3302 1415 3382 orbem‚

540 3403 614 3468 dum
639 3405 761 3468 relevat
783 3405 898 3470 virtute
922 3405 1060 3470 humiles
1082 3406 1279 3489 humilatque
1302 3405 1451 3471 rebelles.

432 3531 443 3568 r
541 3508 661 3573 Cusina
683 3509 771 3574 bella
793 3509 892 3591 gerit,
920 3509 1036 3574 nostris
1059 3509 1233 3575 fidissimus
1256 3510 1370 3590 armis,

541 3611 641 3676 hlarte
665 3612 724 3677 sub
747 3612 890 3696 ancipiti.
936 3634 1030 3696 quem
1055 3613 1081 3678 si
1104 3633 1166 3678 non
1190 3612 1319 3679 laeserit
1341 3612 1457 3686 hostis,

541 3735 657 3780 nomen
680 3716 740 3781 crit
761 3722 887 3781 nostrae
911 3737 1094 3782 mansurum
1117 3717 1150 3782 iu
1174 3718 1305 3782 saecula
1327 3715 1443 3782 lamae.

541 3826 688 3884 comatur
710 3821 852 3886 Romana
875 3820 956 3886 fides
979 3821 1142 3904 virtusque
1166 3821 1330 3904 laborque.

541 3923 593 3988 eia
615 3923 718 4006 agite,
745 3946 763 3988 o
786 3924 936 4004 iuvenes.¹
963 3932 1051 3990 tanto
1074 3925 1107 3990 in
1129 3924 1311 3991 discrimine
1333 3924 1444 3989 Martis

541 4027 662 4091 anxilio
685 4029 825 4110 relevate
849 4029 967 4100 virum,
994 4036 1169 4113 gentesque
1193 4030 1347 4114 superbas

541 4130 657 4196 deicite
681 4139 712 4196 et
734 4139 873 4212 vestros,
901 4133 995 4214 socii,
1022 4133 1145 4199 salvate
1169 4133 1327 4199 clientes'.

627 4235 673 4300 sic
695 4236 757 4318 ait,
784 4243 816 4300 et
837 4237 931 4300 motis
955 4244 1107 4321 ruperunt
1128 4237 1258 4320 agmina
1282 4235 1393 4320 signis.

541 4344 632 4422 terga
655 4338 753 4403 dalrat
775 4339 839 4404 iam
862 4339 928 4404 fida
949 4361 1063 4406 manus
1085 4341 1248 4406 Maurusia
1269 4339 1401 4425 campis.

543 4442 732 4525 ingruentes
756 4443 820 4507 iam
844 4444 945 4509 victor
967 4451 1044 4510 crat.
1092 4445 1294 4510 Putzintulus
1318 4464 1380 4509 mra¹

418 4568 445 4606 ru
542 4545 724 4629 Cusinaque
748 4553 780 4613 et
801 4547 894 4612 victis
917 4547 1052 4613 cedebat
1074 4547 1226 4614 Geisirith
1249 4548 1358 4612 armis.

542 4649 718 4734 respiciunt
740 4650 843 4716 subito
866 4651 1024 4716 venientis
1046 4651 1139 4735 signa
1160 4652 1329 4734 Iohannis,

543 4753 783 4838 percipiantque
805 4753 945 4836 animos,
971 4761 1004 4820 et
1025 4755 1135 4820 mollia
1156 4755 1240 4820 colla
1261 4760 1443 4838 retorquent

542 4855 705 4940 alipedum
728 4857 865 4923 celeres:
894 4878 1034 4942 pugnam
1057 4857 1173 4924 virtute
1195 4865 1375 4942 reposcunt.

626 4980 702 5025 acer
723 4961 758 5026 iu
779 4961 934 5027 adversos
957 4961 1085 5028 fervens
1108 4962 1310 5028 Putzintulus
1333 4963 1441 5028 hostes

542 5069 616 5129 ante
639 5065 727 5130 volat
748 5065 895 5150 rupitque
918 5065 1012 5150 prior.
1059 5072 1134 5131 turre
1156 5065 1269 5131 sternit
1289 5067 1431 5132 Imastan

542 5169 675 5233 vulnere
699 5169 879 5234 confossum
902 5170 1027 5252 valido,
1054 5170 1230 5252 fortemque
1252 5169 1386 5237 Nifaten

544 5291 620 5337 cnse
643 5270 734 5346 ferit,
761 5273 907 5357 nigrique
931 5280 1019 5340 secat
1040 5273 1110 5339 fera
1132 5273 1215 5338 eolla
1237 5273 1403 5342 Mamonis.

159 5433 365 5441 ——----—-
381 5434 569 5440 ----———-—

227 5517 275 5567 431
295 5533 351 5566 cnm
366 5519 450 5576 Belle„
471 5516 568 5565 dumT
669 5515 720 5565 4311
738 5517 862 5579 qrrenuT
965 5518 1015 5568 442
1034 5519 1176 5568 uirlMaza.
1284 5518 1334 5569 446
1352 5520 1557 5568 memssouuml'
1654 5529 1731 5568 morto
1746 5520 1776 5580 Τ,

160 5604 238 5652 Marte
256 5604 371 5653 debltam
383 5605 457 5654 Beltlc.
564 5602 614 5651 448
634 5604 788 5651 nutareturT
890 5604 940 5653 tm
958 5606 1045 5666 puluis
1058 5608 1151 5666 sculpet,
1172 5606 1265 5664 yubtlis
1280 5606 1308 5666 T,
1330 5608 1417 5655 iubills
1431 5606 1508 5654 llum.
1599 5606 1775 5666 marollium„

159 5689 276 5738 semelT
380 5691 430 5740 453
449 5706 508 5739 arua
529 5689 558 5750 Τ,
579 5705 645 5738 arma
663 5689 777 5738 dubiumr
797 5689 874 5740 Muza.
982 5691 1032 5740 rut
1050 5691 1177 5740 latinlsl'
1282 5692 1331 5740 thu
1352 5693 1436 5740 hoeT
1539 5693 1781 5741 seuerissimus

159 5775 205 5824 411
228 5777 320 5826 discite
341 5777 361 5824 Τ
465 5778 513 5826 474
532 5779 683 5838 languentes
705 5777 725 5823 T
828 5775 879 5826 479
897 5779 1084 5840 pntezlutoulus
1105 5779 1126 5824 Τ
1229 5779 1279 5827 4811
1298 5781 1441 5840 rumpitque
1461 5778 1595 5826 Mammam

238 5877 355 5918 Coeranus.
395 5909 396 5912 η
1540 5882 1571 5932 14
