4576 6428
660 388 760 442 vuius.
783 386 1040 442 vvtiuonmcuu
1061 389 1087 441 u
1106 389 1118 454 u
1140 389 1238 440 ru-ao
1260 391 1297 453 ur
1315 405 1339 441 a.
1356 347 1385 440 a.
1407 393 1443 453 e).
1824 393 1861 451 17

242 578 439 663 impietatem
462 579 548 662 regis
571 580 666 644 etiam
689 579 722 643 in
745 579 812 643 suis
834 577 964 643 minime
987 578 1171 644 sileremus:
1198 577 1253 661 qui
1275 598 1337 643 non
1360 579 1461 644 solum
1485 579 1668 664 episcopum
1692 599 1784 644 suum
1807 577 1862 643 lu-

243 681 392 762 cendum,
418 689 453 748 ut
474 682 620 766 superius
642 680 946 764 demonstravimus,
973 679 1109 746 dammis
1132 679 1272 762 adussit,
1299 679 1357 746 sed
1380 689 1411 745 et
1433 681 1635 766 presbyteros
1658 689 1689 747 et
1712 682 1863 747 diacones

243 801 327 862 suos,
354 783 388 849 id
410 792 458 850 eet
480 785 642 868 Arrianos,
669 805 763 868 quam
786 783 939 869 plurimos
962 781 1104 850 incendit
1125 804 1185 850 nec
1205 803 1268 849 non
1291 791 1323 850 et
1344 785 1456 850 bestiis
1478 784 1683 868 mancipavit.

328 887 382 952 VI.
408 888 589 973 Amputatis
611 888 708 971 igitur
729 888 762 953 in
784 887 875 954 brevi
897 887 1044 952 omnibus
1066 905 1145 970 quos
1166 887 1308 971 timebat,
1335 893 1367 953 et
1389 886 1532 953 solidans
1554 888 1631 970 sibi,
1658 895 1693 954 ut
1713 890 1856 972 putabat,
1889 888 1924 948 i'i

211 1011 223 1050 ι
243 1009 386 1075 regnum,
413 992 498 1076 quod
518 991 616 1057 breve
639 991 744 1058 luerat
765 998 796 1056 et
819 990 992 1074 caducum,
1019 991 1104 1056 omni
1127 1011 1167 1056 en
1189 998 1278 1075 parte
1301 990 1421 1057 otiosus
1443 997 1538 1074 atquc
1561 1011 1691 1056 sceums
1712 991 1868 1057 universa·

241 1093 308 1160 tela
330 1095 444 1160 furoris
464 1095 499 1159 in
521 1095 774 1180 persecutionem
797 1093 953 1160 eeclesiae
976 1093 1170 1176 catholicae,
1204 1093 1334 1177 rugiens
1364 1093 1446 1160 sicut
1467 1096 1535 1176 leo,
1568 1094 1731 1160 convertit.
1779 1096 1860 1161 Ante

242 1198 474 1282 persecutionis
496 1205 604 1264 tamen
626 1204 849 1282 tempestatem
872 1197 980 1262 multis
1003 1197 1229 1282 praceuntibus
1251 1197 1429 1262 visionibus
1451 1205 1483 1263 et
1501 1198 1602 1280 signis
1623 1198 1782 1264 inminens
1804 1198 1862 1263 de-

241 1308 448 1367 monstratum
471 1301 576 1367 fuerat
597 1302 726 1366 malum.
768 1301 851 1366 Nam
874 1300 974 1366 ferme
997 1305 1071 1365 ante
1093 1299 1256 1365 biennium
1272 1321 1368 1384 quam
1382 1300 1483 1382 lieret,
1509 1301 1589 1366 vidit
1603 1300 1732 1384 quidam
1748 1302 1860 1366 Fausti
1889 1299 1926 1362 18

242 1403 411 1470 ecclesiam
443 1406 535 1471 solito
564 1406 597 1471 in
620 1411 733 1470 ornatu
755 1405 948 1487 fulgentem,
982 1404 1083 1469 cereis
1105 1424 1230 1487 quoquc
1253 1402 1451 1488 fulgentibus
1473 1405 1644 1488 palliisque
1666 1404 1859 1468 velaminum

131 1573 134 1580 ,
194 1529 222 1569 ιι
242 1529 280 1573 ae
302 1508 505 1594 lampadibus
526 1509 720 1575 rutilantem.
767 1509 808 1574 Et
830 1508 905 1573 dum
928 1509 1101 1572 laetaretur
1122 1507 1203 1572 tanti
1227 1507 1361 1590 fulgoris
1384 1506 1538 1590 candore,
1565 1506 1684 1589 subito,
1717 1507 1778 1588 ait,
1811 1507 1861 1571 lu-

242 1609 336 1677 minis
364 1612 453 1678 illius
482 1612 739 1696 concupiscibilis
768 1611 928 1678 extinctus
958 1618 1007 1677 est
1035 1611 1141 1694 fulgor
1169 1631 1207 1676 ac
1229 1610 1369 1676 tenebris
1391 1611 1636 1677 suceedentibus
1658 1610 1861 1677 adversarius

241 1715 372 1781 naribus
387 1723 482 1782 natus
497 1723 546 1783 est
566 1717 683 1782 foetor:
712 1715 876 1798 omnisque
892 1715 949 1779 illa
964 1715 1128 1780 beatorum
1151 1714 1245 1780 turba
1267 1714 1502 1799 expellentibus
1524 1714 1714 1796 quibusdam
1730 1713 1862 1779 Aethio-

240 1818 335 1903 pibus
357 1819 477 1885 minata
499 1827 549 1886 est
570 1819 665 1902 foras,
692 1819 731 1884 ob
755 1819 815 1884 hoc
829 1819 946 1902 iugiter
961 1818 1203 1900 lamentantem,
1228 1817 1314 1901 quod
1336 1838 1407 1882 eam
1430 1818 1463 1883 iu
1482 1817 1625 1884 claritate
1647 1817 1782 1902 pristina
1803 1837 1861 1883 ne-

241 1941 400 2006 quaquam
422 1923 538 1989 viderit
560 1923 675 1988 itemm
698 1922 893 1988 restitutam:
921 1940 994 1985 nam
1017 1921 1172 1986 visionem
1195 1921 1290 1986 istam
1311 1922 1404 1987 nobis
1426 1921 1648 2007 praesentibus
1670 1927 1779 1986 sancto
1797 1929 1861 1986 ret-

193 2025 314 2090 retulit
335 2025 492 2108 Eugenio.
531 2026 619 2092 Vidit
640 2034 672 2092 et
694 2026 824 2109 qnidam
847 2025 1014 2110 presbyter
1035 2024 1136 2108 ipsam
1154 2025 1265 2089 Fausti
1287 2024 1436 2090 refertam
1459 2025 1560 2090 turbis
1581 2024 1859 2090 innumerabilium

240 2130 438 2213 populorum,
465 2136 591 2214 etpost
612 2131 778 2214 paululum
801 2134 989 2194 evacuatam
1012 2133 1044 2192 et
1065 2128 1219 2212 repletam
1236 2147 1400 2212 porcorum
1416 2127 1621 2194 multitudine
1636 2135 1731 2210 atque
1746 2147 1861 2212 capra-

240 2251 321 2297 rum.
359 2233 440 2298 Item
463 2233 548 2298 alius
570 2233 651 2298 vidit
671 2251 778 2298 aream
801 2231 955 2297 triticeam
979 2231 1178 2296 ventilationi
1199 2238 1361 2316 paratam,
1394 2231 1505 2315 granis
1533 2232 1639 2297 adhuc
1660 2231 1859 2297 ventilatoris
1887 2231 1926 2292 19

239 2335 357 2401 indicio
379 2337 514 2402 necdum
536 2357 557 2401 a
578 2337 674 2422 palea
696 2334 870 2420 separatis:
897 2342 930 2400 et
952 2333 1027 2412 durn
1049 2334 1189 2418 ingentis
1212 2353 1349 2418 massae,
1376 2335 1451 2400 licet
1467 2335 1636 2417 confusae,
1663 2334 1859 2417 magnitudi-

239 2435 312 2504 nem
334 2439 519 2520 miraretur,
549 2440 653 2505 subito
675 2457 748 2504 ecoe
770 2439 862 2503 turbo
884 2438 1016 2504 veniens
1036 2438 1237 2522 tempestatis
1266 2438 1420 2521 sonivago
1448 2437 1526 2503 flatu
1556 2438 1659 2522 coepit
1687 2438 1858 2522 adventum

189 2561 220 2606 ro
240 2560 331 2607 suum
354 2549 504 2627 surgente
526 2543 658 2628 pulvere
681 2541 909 2608 demonstrare.
952 2542 1051 2608 Cuius
1073 2543 1193 2626 impetu
1210 2544 1305 2626 palca
1320 2542 1377 2608 illa
1392 2543 1495 2608 omnis
1510 2543 1637 2607 omnino
1656 2543 1787 2626 volavit,
1809 2563 1860 2608 re·
1902 2589 1903 2592 ,

239 2647 441 2713 manentibus
463 2647 583 2730 grume.
624 2647 700 2711 Post
721 2646 802 2711 baec
823 2645 912 2710 venit
934 2645 1063 2728 quidam
1085 2635 1246 2730 procerus,
1273 2645 1444 2730 splendido
1459 2647 1549 2712 vultu
1564 2646 1738 2729 habituque
1760 2645 1861 2713 nitido

239 2747 378 2832 fulgens,
405 2757 437 2815 et
458 2751 563 2836 coepit
583 2770 685 2834 grana
706 2769 810 2814 vacua
829 2749 1004 2814 macilenta
1025 2757 1120 2833 atque
1151 2749 1326 2833 similagini
1354 2751 1489 2834 reproba
1509 2749 1676 2835 purgando
1705 2750 1856 2833 proicere.

238 2851 328 2930 Quae
344 2852 398 2918 diu
414 2855 602 2920 examinans
618 2855 673 2918 vix
688 2847 941 2937 magnitudinem
956 2853 1045 2919 illius
1066 2869 1205 2937 massae,
1231 2853 1307 2918 licet
1327 2853 1490 2938 probatae,
1515 2849 1558 2918 ad
1580 2871 1728 2918 acervum
1751 2860 1860 2918 tamen

238 2955 387 3040 perduxit
408 2957 572 3040 exiguum.
618 2957 699 3022 Item
727 2957 812 3021 alius
841 2956 900 3022 ait:
939 2957 1052 3023 Stabat
1073 2955 1203 3040 quidam
1226 2957 1411 3041 praecelsos
1434 2962 1700 3041 supermontem,
1726 2956 1780 3040 qui
1803 2957 1858 3021 Zi-
1884 2953 1924 3016 20

188 3079 219 3122 rs
237 3059 368 3144 quomis
384 3060 508 3144 dicitur,
528 3067 560 3126 et
575 3061 738 3126 clamabat
752 3059 865 3125 dextra
880 3062 1053 3144 laevaque:
1080 3059 1226 3143 migrate,
1252 3060 1399 3143 migrate.
1433 3060 1526 3125 Alius
1544 3059 1700 3144 conspicit
1713 3059 1859 3141 rugiente

238 3164 328 3230 eaelo
356 3169 453 3248 atque
481 3165 607 3230 turbato
637 3164 829 3249 sulphureas
851 3165 970 3244 nubes,
997 3182 1080 3246 quae
1101 3162 1251 3246 ingentes
1274 3169 1445 3247 coeperunt
1468 3161 1594 3247 lapides
1615 3161 1766 3227 iaculari:
1804 3163 1859 3246 qui

237 3265 363 3352 lapides
386 3267 462 3333 dum
484 3266 678 3333 cecidissent
697 3268 731 3332 in
753 3275 884 3350 terram,
910 3269 984 3352 plns
1006 3266 1263 3332 accendebantur
1285 3273 1318 3333 et
1338 3266 1512 3332 maioribus
1534 3265 1673 3331 flammis
1688 3264 1854 3350 ardebant,

236 3376 333 3454 atque
353 3370 509 3436 intrantes
530 3371 565 3436 in
587 3369 764 3456 penetralia
786 3369 950 3435 domomm
972 3387 1052 3453 quos
1073 3367 1263 3435 invenerant
1283 3369 1509 3436 incendebant.
1556 3369 1617 3446 Qui
1632 3373 1741 3434 autem
1763 3369 1857 3458 vidit,

237 3472 292 3556 ait,
318 3492 390 3538 cum
413 3491 448 3539 se
469 3473 503 3538 in
526 3472 663 3557 quodam
686 3474 832 3539 eubiculo
854 3473 1092 3556 abscondisset,
1118 3473 1321 3540 miseratione
1344 3473 1454 3540 divina
1483 3472 1526 3538 ad
1548 3491 1620 3538 eum
1643 3471 1772 3538 flamma
1793 3485 1857 3539 nen

188 3597 219 3639 ao
237 3576 339 3662 potuit
360 3577 539 3662 pervenire,
564 3597 645 3660 reor,
671 3576 809 3642 utillud
831 3577 1052 3662 propheticum
1075 3577 1302 3661 compleretur:
1337 3575 1484 3643 claude
1506 3576 1658 3641 ostium
1687 3582 1797 3642 tuum
1819 3584 1859 3643 et

307 3751 348 3814 ao)
370 3749 436 3804 isai.
455 3750 498 3814 se,
520 3750 562 3802 ιο.

309 3975 318 4024 1
346 3977 500 4038 impletatem
531 3975 681 4038 [impietates
699 3977 729 4039 R)
761 4013 766 4024 .
788 4013 793 4026 .
823 3977 969 4032 sileremus,
985 3976 1118 4036 (sitiremus
1140 3976 1171 4036 V)
1202 3975 1309 4023 BLRV:
1337 3975 1453 4036 impietas
1482 4011 1512 4029 ..
1538 3977 1654 4024 sileretur
1675 3981 1732 4037 pet
1750 3979 1823 4037 volgo

238 4063 376 4111 ineundum
393 4062 431 4110 B:
449 4063 583 4110 iocundum
602 4062 688 4126 susp
792 4062 910 4111 2sdusit
926 4062 973 4109 BV
1076 4061 1191 4110 diacones
1209 4061 1268 4108 ait:
1289 4063 1402 4111 diaconos
1420 4062 1474 4111 rell.
1493 4061 1529 4122 cs.
1544 4063 1582 4122 11,
1597 4061 1823 4120 PdetPcMM

238 4147 319 4197 {inec
336 4160 385 4196 nou
404 4141 442 4214 et]
460 4148 504 4196 scd
522 4149 660 4210 iusuperp
764 4145 947 4196 dimbreulR
1050 4147 1167 4196 binerat
1182 4149 1245 4196 mel.-
1264 4149 1376 4196 futurum
1396 4154 1449 4197 crat
1466 4147 1592 4197 Lortcitus
1607 4149 1730 4208 airadum·
1749 4149 1857 4196 allectio

238 4238 292 4281 erat
308 4232 400 4282 tradita
417 4237 494 4293 mast,
518 4247 589 4282 mmo
607 4233 785 4297 offendentem
813 4235 882 4296 utqui
906 4234 986 4281 Victor
1009 4231 1097 4294 formis
1120 4247 1186 4282 eram
1204 4238 1227 4282 ct
1244 4233 1339 4282 fueram
1357 4232 1410 4293 scre
1425 4237 1561 4294 promiscue
1578 4235 1669 4292 utitur,
1695 4234 1762 4282 velut
1781 4235 1803 4294 1,
1824 4237 1854 4283 51

238 4319 357 4382 dispersis
375 4331 420 4381 per
437 4320 538 4368 diuersa
555 4319 687 4368 suillorum
706 4322 766 4382 locu,
786 4321 845 4382 quic
863 4321 995 4384 episcopus
1014 4322 1173 4382 non-iuerat,
1193 4321 1345 4382 presbyteris
1363 4325 1389 4367 st
1406 4321 1536 4370 ministris.
1569 4322 1605 4378 11,
1626 4323 1643 4368 8
1660 4322 1778 4380 maxime,
1798 4321 1856 4382 quis

238 4407 327 4466 iugens
345 4407 428 4454 luerat
446 4405 580 4454 multitudo
598 4405 773 4454 catholicorum
792 4408 820 4454 ln
838 4407 926 4454 babitu
944 4405 1044 4454 illorum
1062 4407 1243 4455 incedentium.
1281 4407 1335 4468 111,
1357 4409 1390 4455 58
1407 4419 1453 4454 nec
1471 4406 1574 4455 deerunt
1591 4405 1681 4455 cotidie
1699 4407 1792 4469 ubique
1810 4421 1856 4454 cx-

237 4493 374 4555 pinnatum
387 4494 475 4540 iuuere
486 4496 512 4539 et
524 4487 573 4540 ueri
585 4491 666 4539 iuerat
678 4493 770 4554 uirtus,
792 4505 855 4554 quae
867 4492 1032 4540 miserationis
1045 4491 1192 4555 inpenderet
1205 4493 1357 4554 sepulturam
1369 4497 1414 4541 ets.
1519 4493 1586 4539 omni
1603 4506 1652 4541 cm.
1667 4509 1684 4554 p
1787 4493 1856 4540 odio-

237 4577 320 4626 suslt
435 4577 666 4639 ilpersccutionem
684 4578 721 4626 L:
739 4579 912 4640 persecutione
931 4575 986 4637 BV,
1005 4577 1190 4638 persecutiones
1212 4577 1271 4639 i-nls
1290 4577 1319 4640 R)
1342 4577 1381 4637 Rp
1496 4579 1615 4627 ecciesiae
1634 4615 1661 4627 ..
1680 4579 1719 4626 lae
1737 4593 1822 4640 emp

237 4661 407 4726 8quidernp
510 4661 619 4712 ilsolltu
637 4665 748 4712 inernuto
767 4663 821 4726 BV,
842 4662 913 4711 solito
932 4667 1054 4723 ernstup
1159 4663 1293 4724 palliisque
1314 4663 1461 4725 (pulicisque
1480 4663 1539 4724 BV)
1561 4663 1712 4712 uoluminum
1731 4665 1854 4726 BLRVp:

236 4749 415 4814 palliorumque
433 4749 559 4798 uelamine
577 4747 615 4799 sd.
629 4748 706 4798 Rutu.
815 4749 845 4798 io
865 4755 891 4797 et
908 4749 967 4796 dum
988 4784 1017 4798 ..
1038 4745 1153 4815 candere]
1170 4748 1228 4796 baec
1246 4747 1318 4796 verbu
1336 4749 1453 4808 beantur
1471 4751 1497 4797 tn
1509 4749 1618 4810 usurp
1634 4756 1688 4811 post
1706 4751 1749 4797 r‘ttc
1767 4757 1854 4798 ornatu

236 4835 378 4898 fulgentem¹
398 4837 429 4896 (a.
449 4833 486 4898 9),
513 4835 558 4882 buc
577 4838 727 4896 transposuit
752 4835 780 4884 P.
803 4835 844 4885 m.
866 4835 1021 4899 Obtsflettas,
1046 4839 1074 4882 ut
1092 4833 1189 4883 uidetur
1325 4835 1429 4883 candore
1447 4836 1511 4883 tanti
1528 4837 1632 4896 fulgoris
1651 4835 1690 4897 Bp
1708 4841 1730 4883 et
1747 4837 1821 4896 vulgo

239 4923 266 4973 il
287 4923 383 4984 fulgore
402 4921 425 4969 B
540 4921 687 4970 aduersariis
707 4922 728 4969 L
847 4921 876 4970 12
895 4924 959 4969 istor
977 4920 1040 4981 sap
1155 4921 1282 4968 beatorum
1301 4920 1385 4968 BLV:
1405 4921 1541 4969 oblatorum
1559 4921 1590 4984 R,
1611 4923 1726 4970 abbatum
1743 4938 1770 4983 p,
1791 4923 1857 4971 ulba-

236 5015 318 5058 torum
336 5008 414 5058 Rutu.
434 5023 489 5055 muru
508 5011 522 5055 t
541 5007 612 5057 codd.
720 5005 750 5056 ia
770 5003 875 5073 minata]
894 5007 972 5054 eiecta
989 5021 1014 5068 p,
1035 5011 1061 5054 ct
1078 5005 1113 5066 cs.
1136 5005 1191 5055 Iud.
1213 5006 1250 5053 IV
1351 5007 1443 5066 iugiter
1461 5005 1522 5053 BV:
1542 5008 1617 5068 igitur
1636 5007 1689 5068 sit,
1710 5011 1821 5069 magisp

236 5095 417 5144 lamentantem
435 5094 520 5142 BLV:
545 5094 731 5142 lamentandum
751 5093 798 5156 Bp,
821 5093 962 5141 lamentans
982 5093 1020 5142 ed.
1040 5092 1118 5142 lisia.
1252 5093 1359 5156 pristina
1376 5094 1487 5141 claritate
1506 5092 1528 5140 L
1662 5091 1691 5142 ii
1711 5094 1803 5143 uiderit
1820 5109 1853 5145 sc.

236 5183 323 5243 turbs3
343 5195 377 5229 aa
395 5179 536 5229 uiderint?
648 5177 760 5246 rettulit]
779 5183 813 5228 sic
832 5179 877 5227 BR
995 5177 1024 5228 io
1042 5181 1121 5242 ipsam
1140 5179 1226 5228 Fausti
1247 5179 1273 5241 (i.
1293 5195 1314 5228 c.
1334 5178 1446 5240 eandem)
1468 5177 1552 5226 BRV:
1579 5179 1658 5240 lpsum
1678 5177 1705 5228 F.
1726 5181 1855 5229 ecclesiam

236 5268 273 5330 L,
302 5269 382 5330 ipsam
400 5267 429 5316 F.
449 5267 574 5314 basilicam
591 5282 609 5327 p
627 5271 649 5314 ct
665 5267 741 5326 culpo
862 5261 966 5326 turbsp
1108 5265 1138 5314 16
1162 5279 1290 5328 porcorum
1308 5265 1469 5314 multitudine
1487 5266 1522 5326 B,
1547 5248 1709 5314 multitudine
1727 5280 1855 5329 porcorum

239 5353 374 5415 (parcorum
393 5351 423 5414 B)
447 5353 485 5414 Rp
590 5351 619 5400 ii
639 5351 759 5400 arcamL
866 5352 895 5401 ie
915 5351 1126 5412 maguitudinell
1229 5349 1262 5400 20
1281 5357 1398 5412 surgente
1417 5349 1505 5400 onais
1609 5351 1638 5401 21
1660 5353 1821 5414 abitoquelt

236 5439 268 5490 22
287 5445 313 5488 st
330 5440 416 5488 BLV:
441 5451 489 5489 em,
511 5439 558 5500 Bp,
579 5441 623 5500 qui
642 5438 680 5487 cd.
701 5437 777 5486 Ruta.
917 5439 1067 5499 cepitquep
1204 5452 1282 5487 usaria
1300 5451 1375 5499 gruna
1395 5435 1415 5485 1.
1554 5437 1585 5487 23
1611 5440 1781 5499 magnitudine
1801 5441 1822 5488 n

236 5527 267 5576 24
286 5531 394 5574 montem
413 5525 540 5586 domlnlp
643 5525 687 5586 qui
704 5537 789 5584 emp
894 5525 1068 5585 sequentisL
1189 5523 1222 5574 25
1241 5521 1278 5592 et]
1296 5525 1354 5587 etp
1458 5526 1580 5587 conspicit
1598 5525 1703 5573 llLllV:
1726 5529 1856 5589 conspexit

234 5618 291 5676 pci
308 5614 384 5672 culpo
487 5611 626 5672 rubentep
748 5607 781 5658 26
798 5625 825 5658 ιι
844 5609 875 5672 R,
894 5624 979 5671 onup
1083 5611 1193 5660 turbatas
1211 5611 1250 5673 ap
1371 5625 1435 5673 quise
1453 5615 1568 5671 ingentes
1586 5617 1720 5674 coeperunt
1737 5617 1800 5661 mci:
1820 5616 1858 5661 iu-

234 5706 321 5764 gentes
339 5698 377 5747 tri.
397 5697 475 5747 Ruta.
580 5695 831 5759 repensandam
934 5693 966 5744 te
984 5698 1028 5759 sit,
1049 5698 1108 5760 quis
1126 5712 1182 5746 cum
1201 5697 1239 5746 ed.
1260 5697 1335 5746 Rutu.
1442 5697 1474 5745 :to
1493 5697 1643 5746 hostiumlt
1756 5679 1758 5684 Ι

311 5799 396 5841 Vrcrou
411 5797 523 5839 Vrrsnurs.
1635 5803 1649 5850 3
