4546 6420
428 403 534 469 XLVI
1133 398 1363 490 rsoonnrun.

430 624 605 691 Anastasio
625 630 794 706 quaestore
818 624 900 688 sacri
922 621 1053 708 palatii,
1080 630 1115 688 nt
1135 621 1320 707 imperatori
1342 641 1394 688 res
1417 641 1494 687 suas
1516 621 1654 690 afflictas
1678 622 1895 705 commendet,
1921 624 2064 709 petitu).

432 744 574 830 Dignum
599 764 633 810 se
656 763 744 826 esse,
778 744 830 809 cui
851 743 1009 809 beneficia
1031 742 1145 808 Instini
1168 743 1349 824 obveniant,
1380 741 1498 807 ‘sacris
1521 741 1753 827 apicibns’20),
1785 743 1956 809 Iustiniani
1979 745 2069 829 prin·

433 864 513 950 cipis
536 862 664 930 decreto
688 863 899 942 demonstrat,
932 882 995 946 quo
1021 860 1119 927 cilicii
1148 861 1290 927 diutnmi
1319 862 1464 947 praemia
1494 861 1653 944 quaedam
1682 869 1796 928 nactus
1825 883 1898 928 esse
1927 863 2064 929 videtur.

432 984 483 1080 De
512 984 641 1050 decreto
672 984 826 1049 honestae
855 980 1017 1047 missionis
1048 988 1175 1067 potitam
1205 982 1294 1065 loqui
1324 981 1502 1062 crederem,
1535 982 1598 1048 nisi
1627 982 1730 1068 ipsius
1759 983 1866 1048 verbis
1895 983 2069 1048 etiamtunc

433 1125 507 1171 cum
529 1103 684 1189 principis
705 1104 739 1168 in
762 1101 867 1168 officio
889 1101 990 1167 fuisse
1014 1107 1209 1186 compertum
1232 1101 1437 1167 haberemus.

520 1225 732 1308 Paupertate,
770 1222 821 1288 cui
851 1223 1076 1306 imperatorem
1107 1221 1337 1287 subventurum
1366 1241 1438 1287 esse
1468 1223 1638 1306 sperabat,
1674 1229 1769 1308 poeta
1799 1223 1952 1289 extremis
1981 1223 2068 1290 vitae

435 1344 546 1425 annis,
581 1351 616 1408 ut
645 1343 785 1409 carmine
816 1341 911 1407 senili
933 1341 1047 1406 lustini
1077 1340 1192 1407 laudes
1221 1348 1366 1422 caneret,
1399 1341 1559 1408 adductus
1582 1345 1691 1425 est²¹}.
1738 1341 1788 1408 De
1810 1352 1970 1428 tempore,
2003 1365 2068 1427 quo

433 1465 651 1550 panegyricus
673 1463 811 1548 scriptus
835 1461 886 1542 sit,
912 1460 977 1525 iam
1000 1461 1177 1544 Fogginius
1199 1461 1234 1526 in
1257 1460 1409 1527 editionis
1430 1460 1630 1546 praelatione
1652 1469 1718 1528 tam
1741 1462 1819 1528 scite
1843 1470 1875 1529 et
1896 1462 2071 1547 diligenter

436 1586 516 1668 egit,
543 1591 579 1649 ut
600 1603 693 1649 nemo
715 1589 789 1667 post
810 1600 883 1647 eum
905 1581 990 1646 hanc
1012 1581 1233 1663 quaestionem
1256 1581 1415 1664 tetigerit,
1441 1581 1611 1664 quincius
1634 1582 1752 1648 serinia
1775 1582 1966 1668 compilasse
1989 1583 2071 1648 satis

435 1703 596 1771 habuerit.
641 1703 714 1768 Non
737 1701 850 1767 eodem
873 1721 984 1767 omnes
1006 1701 1106 1767 libros
1127 1708 1289 1786 tempore,
1321 1700 1380 1766 sed
1406 1709 1552 1785 quartum
1577 1701 1741 1784 aliquanto
1763 1709 1838 1787 post
1858 1709 1923 1768 tres
1944 1702 2070 1787 priores

436 1823 556 1910 publici
586 1823 664 1888 iuris
694 1822 814 1888 iactum
843 1839 916 1887 esse
946 1828 1032 1887 recte
1054 1820 1233 1904 Fogginius
1263 1841 1281 1886 e
1311 1820 1386 1886 libri
1414 1820 1501 1887 tertii
1530 1821 1593 1886 line
1624 1821 1770 1906 collegit,
1804 1843 1866 1906 quo
1888 1829 1984 1908 potita
2005 1842 2070 1888 non

436 1943 562 2024 omnia,
595 1963 678 2026 qnae
701 1943 844 2008 lustinus
866 1940 1019 2026 gesserit,
1053 1961 1152 2025 parvo
1182 1940 1256 2006 libri
1285 1940 1430 2006 eiusdem
1461 1942 1565 2026 spatio
1595 1943 1865 2027 comprehendere
1895 1961 1930 2008 se
1958 1963 2067 2028 posse,

372 2101 374 2106 ·
436 2064 496 2130 sed
518 2063 619 2130 multa
651 2061 771 2128 ‘dilata
792 2082 923 2146 parum,
950 2081 1014 2126 non
1036 2060 1284 2145 praetereunda'
1314 2061 1349 2125 in
1371 2068 1534 2144 posterum
1557 2061 1737 2144 relinquere
1760 2062 1889 2128 latetur.
1934 2063 1983 2128 Ac
2003 2070 2071 2129 tres

437 2184 567 2267 quidem
597 2183 718 2268 priores
748 2181 846 2247 libros
880 2173 991 2266 primis
1024 2179 1113 2245 haud
1146 2179 1242 2245 dubie
1276 2181 1440 2246 mensibus
1473 2182 1566 2264 regni
1593 2181 1708 2247 Iustini
1738 2181 1896 2268 corippus
1930 2181 2071 2249 scribere

436 2305 550 2389 coepit.
598 2302 697 2367 Nullo
720 2302 805 2367 enim
827 2301 891 2366 nisi
911 2302 972 2366 hoe
993 2308 1147 2384 tempore,
1173 2319 1236 2382 quo
1258 2299 1429 2366 Iustiniani
1451 2299 1558 2382 funus,
1585 2301 1699 2366 lustini
1721 2302 1900 2385 coronatio,
1926 2303 2069 2370 Avarum

436 2423 556 2507 legatio
578 2421 670 2488 irrita
692 2421 835 2486 omnium
857 2421 891 2486 in
914 2441 968 2486 ore
991 2427 1099 2502 erant,
1132 2418 1309 2485 hebdomas
1319 2422 1354 2500 ²²)
1382 2420 1486 2505 prima
1508 2421 1600 2504 regni
1621 2421 1735 2486 lustini
1758 2428 1875 2505 poetae
1898 2421 1998 2506 digna
2019 2423 2071 2488 vi-

436 2542 506 2608 deri
529 2543 645 2628 potuit,
680 2561 762 2623 qnae
792 2541 945 2606 librorum
974 2538 1070 2604 trium
1101 2539 1282 2605 narratione
1312 2541 1404 2624 cpiea
1432 2541 1658 2607 celebraretur.
1706 2541 1771 2607 Sed
1794 2561 1873 2607 sano
1895 2542 2071 2626 sagacique
2128 2623 2131 2629 ι

435 2662 555 2729 iudicio
583 2661 760 2745 Fogginius
789 2660 854 2726 iam
884 2659 959 2724 libri
989 2658 1081 2742 primi
1112 2677 1225 2724 versus
1254 2659 1335 2724 duos
1363 2659 1503 2742 invenit,
1542 2681 1625 2744 quae
1654 2681 1739 2728 anno
1769 2661 1898 2736 demum
1928 2662 2071 2728 secundo

435 2783 550 2849 Iustini
583 2780 786 2866 imperato1is
821 2782 938 2862 [hodsi]
979 2778 1075 2843 scribi
1107 2785 1295 2862 potuerunt,
1332 2799 1395 2863 quo
1423 2771 1595 2846 Aetherius
1629 2789 1661 2847 et
1688 2781 1832 2865 Abdius,
1870 2781 1924 2865 qui
1958 2790 2070 2850 contra

435 2902 550 2968 Iustini
572 2901 671 2968 vitam
695 2900 947 2980 coniuraverant,
973 2897 1083 2982 gladio
1105 2897 1250 2982 percussi
1272 2898 1416 2964 criminis
1438 2920 1559 2985 poenas
1582 2900 1798 2985 dederunt²³].
1842 2903 1960 2969 Eorum
1982 2902 2071 2969 enim

436 3023 479 3089 ad
509 3021 702 3107 supplicium
730 3020 850 3105 optimo
880 3019 950 3084 iure
973 3018 1151 3101 Fogginius
1173 3017 1434 3093 vaticinationem
1456 3019 1547 3085 illam
1569 3021 1693 3102 retulit,
1727 3039 1823 3104 quam
1846 3041 1938 3089 sacra
1960 3023 2071 3090 Pietas

436 3143 560 3210 Iustino
582 3139 753 3207 dormienti
774 3139 944 3223 imperium
967 3137 1191 3222 accipiendum
1212 3138 1399 3204 renuntians
1422 3138 1509 3223 apud
1531 3140 1704 3226 Corippum
1726 3141 1905 3226 portendit:

592 3261 681 3326 laud.
707 3261 785 3326 lust.
811 3259 828 3323 I
851 3262 892 3322 60
915 3258 1060 3342 quisquis
1084 3258 1144 3323 erit
1166 3264 1309 3336 vestrae,
1337 3276 1395 3342 per
1417 3275 1455 3324 se·
1475 3259 1586 3336 cadet,
1611 3260 1740 3326 invidus
1762 3263 1876 3343 aulae,

909 3359 1101 3454 adficietque
1123 3360 1210 3425 viros
1232 3360 1340 3443 legum
1364 3361 1437 3445 pius
1459 3361 1547 3427 ensis
1568 3362 1707 3445 iniquos.

438 3485 573 3551 Constat
593 3482 693 3567 igitur
713 3482 768 3547 vix
790 3489 865 3547 ante
887 3481 964 3546 anni
987 3482 1049 3543 566
1072 3479 1169 3544 finem
1190 3480 1309 3564 primos
1335 3481 1524 3565 panegyrici
1553 3482 1651 3548 libros
1682 3483 1715 3548 in
1743 3484 1905 3568 publicum
1936 3486 2073 3552 emissos

436 3623 520 3670 esse.
567 3604 638 3668 Nec
666 3621 743 3667 vero
772 3606 844 3685 post
873 3619 991 3664 annum
1016 3601 1077 3662 567
1108 3599 1228 3665 iactum
1257 3599 1293 3664 id
1321 3593 1393 3666 esse
1424 3600 1665 3685 epraeiatione
1688 3604 1811 3686 elucet,
1844 3624 1927 3686 quae
1951 3606 2073 3690 scripta

436 3730 495 3804 est,
515 3722 701 3808 priusquam
716 3720 840 3786 Avares
855 3727 887 3785 et
902 3718 1108 3802 Langobardi
1122 3718 1357 3786 incursionibus
1373 3720 1541 3806 imperium
1557 3723 1734 3788 Romanum
1749 3743 1868 3789 vexare
1884 3732 2070 3809 coeperunt.

522 3841 659 3921 Quando
687 3847 819 3924 quartus
849 3837 1038 3922 panegyrici
1066 3838 1148 3904 liber
1176 3838 1297 3923 publici
1324 3839 1403 3905 iuris
1426 3840 1530 3906 iactus
1554 3842 1612 3924 sit,
1646 3843 1819 3909 nescimus.
1865 3845 1941 3909 Veri
1964 3845 2073 3911 simile

434 3970 484 4029 est
512 3962 622 4047 paullo
653 3966 726 4046 post
754 3965 877 4024 ceteros
907 3965 972 4024 tres
1003 3977 1076 4022 eum
1104 3958 1250 4044 prodisse
1259 3961 1318 4044 ²⁴),
1360 3960 1455 4026 bellis
1487 3960 1603 4027 deinde
1631 3961 1855 4046 ingruentibus
1885 3955 1937 4029 vel
1969 3972 2072 4031 morte

433 4089 548 4168 po'e'tae
569 4081 659 4146 inani
680 4077 869 4165 panegyrici
891 4077 968 4144 ludo
990 4075 1086 4143 finem
1110 4077 1293 4162 impositum
1317 4098 1399 4145 esse.

521 4306 562 4369 19)
582 4307 650 4356 laud.
671 4308 758 4354 Anasi.
779 4304 809 4354 41
830 4318 870 4354 me
889 4316 990 4366 quoqne
1008 4304 1174 4364 gaudentem,
1196 4309 1354 4367 quaestorum
1373 4307 1496 4365 maxims,
1517 4306 1601 4356 redde.

834 4391 900 4452 quod
917 4390 985 4438 labor
1003 4390 1125 4450 indulsit,
1146 4390 1211 4451 quod
1231 4391 1306 4439 iessis
1326 4391 1429 4454 provida
1448 4392 1527 4440 hinsis

834 4476 898 4524 alma
915 4489 961 4537 per
978 4477 1106 4524 insomnes
1124 4476 1217 4524 meruit
1236 4477 1366 4535 vigilantia
1386 4483 1485 4539 noctes,

833 4561 859 4609 hl
878 4562 942 4612 sacri
960 4567 1101 4610 monstrant
1117 4562 1211 4624 apices.
1247 4563 1317 4626 lege,
1339 4577 1438 4612 summe
1455 4565 1588 4625 magister,
1688 4623 1694 4634 ²

832 4653 858 4695 et
877 4661 976 4696 causam
995 4647 1102 4695 deiende
1120 4661 1210 4697 meam.
1247 4649 1295 4696 tibi
1314 4649 1410 4697 sanctio
1428 4654 1539 4697 vestrum

835 4732 993 4781 commendat
1010 4733 1142 4781 samolum.

517 4816 559 4880 20)
579 4818 615 4866 Na
634 4821 690 4880 quis
704 4819 823 4880 Pogginic
841 4813 1011 4880 adstipulatus
1029 4820 1096 4879 ipsos
1115 4819 1258 4880 panegyrici
1276 4817 1352 4866 libros
1370 4818 1503 4881 acorippo
1524 4821 1619 4867 ‘sacros
1636 4817 1732 4880 apices'
1750 4819 1870 4881 appellari
1889 4819 1982 4880 credat,
2001 4833 2068 4881 pau-

431 4919 471 4952 rcs
489 4905 555 4953 locos
574 4905 701 4966 adscribo,
727 4918 740 4952 e
766 4905 858 4968 quibus
882 4906 993 4953 solemne
1017 4905 1044 4952 id
1068 4917 1160 4953 nomen
1184 4905 1264 4953 inisse
1282 4904 1375 4953 decretl
1393 4906 1549 4968 imperatoris
1567 4910 1694 4968 appareat.
1732 4904 1817 4955 Sidon.
1837 4917 1877 4967 ep.
1901 4903 1924 4964 l,
1945 4905 1970 4954 ⁵.
1991 4904 2016 4968 6,
2039 4906 2064 4955 8.

430 4989 490 5040 Cod.
509 4990 575 5040 lust.
596 4989 662 5050 118,
684 4991 708 5042 6.
729 4990 767 5039 XI
785 4989 828 5051 ll,
850 4989 890 5039 ll.

516 5075 558 5138 21)
578 5076 646 5126 laud.
667 5079 731 5126 inst.
751 5077 830 5139 praei.
851 5074 883 5124 48
902 5083 984 5137 gratas
1004 5088 1103 5138 semper
1120 5088 1165 5135 ago
1184 5080 1211 5124 et
1226 5087 1270 5138 pro
1288 5089 1394 5125 munere
1412 5077 1520 5125 carmina
1538 5081 1617 5138 porto.

515 5161 556 5224 22)
577 5164 607 5210 ln
626 5169 679 5210 tres
696 5163 772 5210 libros
791 5163 886 5224 priores
903 5161 930 5210 id
948 5162 1028 5224 cadit,
1049 5161 1117 5224 quod
1135 5159 1277 5210 (ludelmus
1297 5161 1435 5212 Teuiielius
1453 5163 1581 5210 incautius
1599 5162 1630 5211 da
1648 5167 1700 5211 toto
1718 5160 1819 5224 Corippi
1837 5162 1988 5223 panegyrico
2007 5175 2068 5210 eon·

431 5248 526 5298 tendit:
555 5247 617 5302 ‘Die
636 5248 733 5308 satage
752 5249 786 5297 ist
804 5261 830 5296 so
849 5247 1047 5309 weltschwalflg,
1074 5247 1133 5295 dass
1154 5247 1224 5296 dlesc
1242 5246 1258 5296 4
1277 5247 1376 5296 Bilchar
1394 5260 1442 5295 nur
1460 5246 1501 5295 dia
1519 5252 1603 5296 ersten
1623 5247 1680 5297 seht
1698 5247 1765 5308 Tage
1783 5260 1829 5295 von
1848 5245 1957 5296 Justin’s
1976 5248 2068 5308 Regie-

428 5347 493 5394 rung
511 5332 661 5385 umisssen'.
701 5333 848 5382 Geschlchte
867 5333 912 5381 der
929 5334 991 5383 rom.
1012 5333 1149 5382 Literatur.
1171 5329 1188 5398 S
1206 5330 1266 5384 484.

513 5418 556 5480 23}
578 5421 689 5482 Theoph.
712 5422 751 5470 ad.
773 5419 876 5468 Classen
894 5419 906 5466 1
924 5432 950 5481 p.
971 5413 1021 5466 373
1046 5415 1127 5485 τούτῳ
1151 5415 1188 5486 τῷ
1212 5414 1262 5468 iser
1280 5414 1400 5486 Aldtprot
1423 5415 1467 5469 aul
1487 5406 1614 5486 ὁἌβδιος
1631 5417 1675 5470 aul
1694 5414 1708 5468 d
1727 5414 1771 5468 aba
1790 5413 1878 5476 αὐτοῖς
1898 5415 1984 5486 ἰατρὸς
2002 5415 2065 5469 ἐπε·
2087 5469 2090 5473 ,

428 5501 567 5572 βούλευσαν
585 5504 622 5573 τῷ
643 5501 741 5571 βασιλεῖ
761 5496 896 5570 'lucerinae
916 5498 1073 5572 γνωσθέντες
1091 5501 1119 5555 δὲ
1138 5500 1267 5556 ἀπέθανον
1287 5501 1360 5574 ξίφει.

515 5589 555 5652 li)
577 5592 605 5639 ln
632 5598 720 5653 quarto
745 5593 819 5639 etiam
843 5591 906 5640 libro
930 5603 1020 5640 versus
1044 5592 1117 5653 pauci
1142 5596 1246 5653 exunt,
1271 5593 1298 5639 in
1324 5591 1416 5653 quibis
1441 5591 1580 5640 scribendis
1603 5591 1676 5654 poita
1694 5591 1873 5640 coniurationis
1893 5591 2066 5654 suppliciique

426 5676 541 5726 Aetherii
559 5682 585 5725 et
604 5677 682 5725 Abdii
701 5679 845 5726 meminisse
865 5678 974 5727 videtur.
1012 5676 1048 5724 lV
1065 5675 1211 5728 348-363,
