4546 6420
1161 401 1311 456 CORlPPI

703 609 715 647 c
812 597 843 654 et
867 591 1001 656 miseras
1023 591 1149 657 salvare
1172 591 1297 656 animas
1320 592 1399 657 haec
1422 590 1491 657 sola
1513 591 1646 676 cupido,

811 692 863 758 hic
885 693 1002 758 animis
1024 713 1112 759 amor
1134 693 1237 760 omnis
1258 693 1354 759 inest.
1401 694 1463 760 huc
1484 693 1583 760 iussio
1606 701 1729 760 tantum

810 795 963 880 principis
985 796 1071 862 alma
1092 795 1199 862 trahit.
1247 804 1354 862 noster
1375 803 1407 862 te
1429 796 1572 882 principe
1595 797 1744 880 princeps

810 897 956 982 imperat.
1003 898 1072 982 ipse
1094 897 1152 965 libi
1174 898 1321 964 meritum
1344 898 1463 965 debere
1485 898 1602 965 fatetur

812 1001 923 1066 ordine
946 1000 1120 1066 servitium.
1167 1008 1202 1067 tu
1223 1001 1273 1066 illi
1295 1021 1354 1067 nos
1377 1001 1496 1068 subicis
1517 1022 1628 1068 omnes

813 1112 844 1168 et
867 1104 985 1169 servire
1007 1104 1111 1170 iubes.
1158 1112 1215 1170 tua
1237 1124 1307 1170 sum
1329 1112 1503 1190 praecepta
1523 1113 1662 1172 secutus.

810 1207 937 1292 aspice,
963 1215 1088 1290 sancte,
1115 1207 1247 1291 favens,
1273 1215 1305 1274 et
1326 1215 1450 1274 nostros
1472 1227 1566 1275 cerne
1589 1209 1716 1274 labores

810 1311 874 1375 iam
898 1310 1060 1395 placidus,
1087 1319 1259 1395 tantaeque
1281 1311 1354 1397 pius
1377 1331 1525 1378 succurre
1547 1313 1670 1377 ruinae.

812 1415 861 1479 sin
884 1434 942 1480 sua
963 1422 1149 1498 peccantem
1172 1415 1326 1481 damnant
1347 1415 1464 1481 delicta
1486 1415 1660 1481 Iohannem

809 1516 917 1583 iudice
938 1525 988 1600 te,
1015 1537 1203 1601 quocunque
1224 1517 1289 1583 alio
1311 1538 1363 1584 mc
1385 1518 1556 1603 comprime
1579 1519 1659 1600 leto,

703 1640 715 1678 c
811 1625 884 1704 pro!
911 1621 1005 1686 Petro
1027 1641 1111 1686 nunc
1133 1639 1228 1705 parce
1249 1624 1347 1686 meo’.
1394 1641 1457 1705 quo
1478 1622 1605 1687 nomine
1627 1621 1712 1687 dicto

811 1724 917 1789 haesit
936 1724 971 1789 in
992 1744 1046 1789 ore
1069 1742 1184 1806 sonus,
1210 1731 1407 1791 tremuerunt
1427 1731 1557 1810 pectora
1579 1725 1697 1810 patris,

811 1826 977 1910 frigidiora
998 1828 1074 1911 gelu
1096 1827 1280 1894 ceciderunt
1301 1846 1394 1894 crura
1416 1847 1611 1912 manusque,

811 1931 1015 2014 membraque
1038 1939 1152 1997 cuncta
1174 1931 1293 1997 labant.
1340 1931 1489 1998 lacrimas
1512 1938 1588 1997 tunc
1609 1930 1749 1997 fluminis
1770 1933 1872 1999 instar

811 2034 934 2117 fundit,
959 2043 991 2100 et
1012 2033 1162 2119 ingentes
1184 2034 1323 2118 gemitus
1345 2035 1389 2100 ad
1412 2033 1519 2101 sidera
1542 2035 1635 2100 tollit.

810 2137 928 2202 talibus
950 2137 1069 2203 curantis
1091 2136 1185 2204 fletus
1208 2146 1240 2203 et
1262 2139 1360 2204 verba
1383 2138 1502 2223 recepit

812 2240 992 2325 suscipiens
1013 2241 1172 2306 dominus.
1220 2240 1338 2306 validis
1360 2241 1527 2306 mitescere
1549 2243 1654 2307 ventis

811 2344 963 2427 imperat,
990 2352 1022 2409 et
1045 2345 1155 2409 clauso
1177 2343 1283 2427 frangi
1306 2346 1365 2410 sub
1388 2351 1494 2410 moute
1516 2345 1688 2429 procellae.

811 2447 968 2528 effugiunt
988 2447 1112 2513 celeres
1132 2453 1262 2512 tenuato
1284 2447 1406 2512 vellere
1424 2449 1541 2514 nubes.

811 2552 858 2614 sol
882 2549 981 2632 redit,
1008 2557 1040 2615 et
1061 2550 1147 2615 claro
1169 2549 1313 2616 rutilanti
1336 2550 1487 2634 lampade
1509 2553 1602 2616 caelo

702 2673 714 2710 τι
811 2654 927 2719 emicat
948 2653 1017 2719 alta
1039 2653 1121 2718 dies.
1168 2653 1321 2738 explanat
1343 2653 1633 2720 marmorisuudns

810 2756 910 2822 iussio
933 2763 1020 2822 certa
1042 2756 1106 2822 dei.
1153 2755 1240 2821 venti
1262 2775 1378 2821 venere
1403 2755 1546 2822 secundi.

811 2867 1004 2943 consurgunt
1026 2859 1104 2925 laeti
1125 2860 1290 2924 turbantes
1312 2859 1419 2925 omnia
1440 2867 1576 2940 nautae,

810 2962 940 3027 vocibus
963 2970 995 3027 et
1016 2961 1154 3046 placidis
1174 2962 1344 3029 intendunt
1366 2962 1466 3027 lintea
1487 2961 1598 3044 malis,

810 3066 1044 3150 implenturque
1067 3066 1166 3131 sinus.
1214 3065 1317 3130 socias
1340 3073 1415 3130 tnnc
1437 3064 1577 3147 undique
1599 3085 1699 3130 naves

810 3167 987 3252 accipiunt,
1014 3174 1143 3252 totoque
1166 3169 1328 3250 refulgent
1350 3167 1484 3233 carbasa
1506 3175 1612 3252 ponto.

810 3271 874 3336 ianr
898 3271 1027 3356 propius
1050 3271 1243 3356 propiusque
1266 3270 1392 3353 volant,
1419 3279 1451 3336 et
1473 3290 1627 3354 prospera
1649 3290 1743 3337 cursu

811 3374 940 3439 caerula
962 3375 1123 3440 sulcantes
1144 3373 1314 3458 impellunt
1335 3371 1466 3438 flamina
1488 3393 1622 3458 puppes.

894 3477 1056 3561 prospexit
1078 3476 1208 3542 taudem
1232 3495 1406 3541 succensae
1429 3476 1523 3541 litora
1543 3484 1647 3542 terrae

808 3577 936 3658 ductor,
962 3589 994 3645 et
1015 3579 1188 3645 indomitas
1210 3578 1323 3644 blattis
1346 3579 1494 3664 cognovit
1516 3579 1659 3645 habenas

807 3702 867 3747 nec
889 3682 1020 3748 dubium
1049 3685 1132 3764 {nam
1155 3701 1232 3748 vera
1253 3681 1359 3748 ferunt
1379 3681 1540 3765 incendia)
1567 3690 1752 3750 monstrum.

809 3785 980 3850 volvebant
1002 3784 1089 3850 venti
1112 3783 1288 3867 crispantes
1310 3785 1429 3850 vertice
1452 3787 1613 3868 flammas,

809 3895 840 3953 et
863 3887 948 3953 fumo
972 3887 1137 3953 commista
1159 3888 1271 3952 volans
1292 3905 1389 3973 super
1410 3895 1498 3953 astra
1520 3888 1633 3955 favilla

808 3991 964 4057 scintillas
986 3999 1100 4058 tenues
1123 4010 1279 4056 summam
1302 3991 1476 4074 spargebat
1497 3991 1531 4057 in
1553 3991 1708 4057 aethram.

807 4094 910 4177 surgit
931 4101 962 4160 et
983 4095 1017 4158 in
1038 4093 1144 4159 medio
1166 4093 1269 4160 fervet
1289 4093 1354 4158 ium
1376 4093 1505 4160 llomma
1526 4093 1735 4179 profundum,

807 4197 915 4262 omnia
936 4197 1129 4263 convolvens
1152 4215 1325 4262 succensae
1348 4196 1463 4262 robora
1484 4203 1599 4263 terrae.

808 4300 909 4365 uritur
930 4300 1016 4364 alma
1039 4319 1134 4383 seges
1155 4300 1258 4365 cultos
1280 4307 1406 4365 matura
1427 4319 1485 4384 per
1506 4321 1619 4382 agros,

806 4403 909 4468 omnis
931 4411 963 4468 et
984 4402 1131 4486 augescit
1150 4409 1346 4468 crescentem
1368 4401 1533 4469 frondibus
1555 4404 1664 4486 ignem

806 4506 916 4586 arbor,
942 4505 1029 4571 etin
1052 4506 1175 4571 cineres
1198 4524 1270 4571 sese
1293 4513 1480 4590 cousumpta
1502 4508 1643 4573 resolvit.

806 4616 970 4675 vertuntur
991 4609 1127 4674 miserae
1150 4607 1254 4674 caesis
1277 4626 1347 4673 cunr
1370 4607 1495 4674 civibus
1518 4609 1631 4692 urbes,

679 4736 709 4776 ‘c
807 4718 982 4794 cunctaque
1005 4711 1141 4796 diruptis
1165 4708 1363 4793 conflagrant
1384 4711 1513 4777 moenia
1536 4713 1638 4778 tectis.

805 4814 892 4880 baud
914 4814 1008 4880 aliter
1029 4813 1197 4880 Phu'e'thon
1219 4812 1341 4879 cunctis
1364 4833 1382 4878 e
1405 4814 1548 4897 partibus
1570 4814 1656 4880 orbis

805 4939 868 4984 non
890 4918 972 4984 bene
994 4936 1147 4982 concesso
1171 4915 1381 4982 succenderat
1401 4917 1508 4982 omnia
1531 4937 1622 4983 curru

803 5019 1026 5086 flammivomis
1049 5027 1193 5104 raptatus
1216 5019 1323 5102 equis,
1350 5019 1384 5084 ni
1407 5019 1541 5086 fulmine
1564 5041 1687 5086 summo

486 5281 536 5331 300
554 5288 582 5332 tu
600 5297 657 5333 sum
675 5288 786 5344 precatu
808 5282 829 5328 Τ
931 5278 980 5329 332
1000 5278 1133 5328 sccurreT
1237 5280 1286 5330 333
1305 5279 1443 5342 dampnant
1460 5279 1583 5329 delittrT
1688 5280 1738 5331 305
1757 5284 1865 5344 proterio
1882 5299 1949 5334 nnnc
1968 5301 2044 5348 porge
2138 5343 2139 5346 Ἴ

415 5369 453 5416 vet
477 5381 553 5430 perge
573 5369 593 5414 Τ
731 5365 782 5416 306
801 5369 854 5415 exit
874 5365 894 5412 Τ
1032 5363 1210 5414 30731υηΤ
1347 5364 1397 5415 338
1421 5366 1504 5414 dimus
1521 5367 1583 5414 lotar
1604 5366 1624 5412 Τ
1763 5365 1810 5417 311
1831 5370 1988 5433 subrpiclens
2011 5373 2040 5434 Τ,

416 5455 556 5516 suscipiens
574 5454 689 5504 dubitans
710 5453 789 5502 llcaa.
895 5450 945 5500 312
963 5452 1045 5500 clauso
1064 5456 1198 5512 monteque
1215 5452 1322 5513 procelle
1345 5451 1365 5500 Τ
1468 5449 1517 5500 313
1536 5457 1642 5502 teuuuto
1666 5453 1686 5499 Τ
1782 5452 1830 5504 321
1850 5458 1964 5517 proprius
1981 5471 2043 5521 pro-

413 5541 533 5602 priorque
553 5538 574 5586 Τ
703 5537 752 5588 324
772 5539 876 5588 harenas
895 5535 971 5586 Moza.
1105 5533 1154 5586 325
1172 5543 1293 5586 montrum
1314 5537 1335 5583 Τ
1465 5535 1515 5587 326
1533 5540 1673 5600 crispantes
1694 5539 1714 5586 Τ
1843 5541 1891 5590 32ῑ
1912 5543 2000 5592 lcuillc
2022 5544 2044 5592 Τ

415 5623 465 5676 328
483 5626 570 5676 ethera
586 5626 606 5672 Τ
703 5622 753 5672 329
771 5624 836 5671 etin
849 5621 939 5682 Maza,
959 5622 1035 5672 etism
1050 5621 1070 5668 Τ
1168 5620 1217 5671 330
1235 5624 1382 5674 comburens
1394 5622 1508 5672 dabimus
1521 5623 1596 5674 cccv.
1699 5624 1749 5674 333
1767 5627 1876 5676 clnerem
1888 5629 1946 5687 lectt
1959 5627 2042 5679 Mon.

413 5710 464 5761 334
483 5711 584 5760 miseric
605 5709 625 5757 Τ
731 5707 779 5758 335
798 5710 902 5772 direptis
921 5710 1005 5756 mutim
1107 5710 1181 5758 -tettir
1201 5708 1221 5755 Τ
1325 5707 1375 5757 336
1394 5710 1461 5757 leton
1486 5707 1505 5755 Τ
1608 5708 1658 5760 338
1677 5711 1704 5757 ln
1723 5711 1829 5760 fulmine
1850 5711 1871 5759 Τ
