4462 6436
631 1611 644 1656 1

805 1641 1124 1739 Prnsrnrlc.

947 1873 1027 1937 deus
1050 1874 1157 1938 omnia
1179 1895 1278 1957 regna.

537 1975 596 2039 sub
618 1975 755 2059 pedibus
778 1974 867 2041 dedit
889 1997 960 2041 csse
983 1978 1062 2060 tuis,
1089 1963 1244 2062 regesque
1268 1980 1421 2064 suuperbos

536 2078 695 2160 subdidit,
722 2080 917 2162 hostilesque
941 2100 1054 2145 manus
1077 2081 1260 2147 decrescere
1283 2082 1368 2147 feeit.

536 2181 593 2245 illa
614 2181 839 2247 colubrimodis
862 2185 1001 2248 Avarum
1025 2205 1106 2266 gens
1128 2185 1208 2250 dura
1230 2186 1375 2270 capillis,

428 2309 440 2344 r,
536 2285 695 2350 horribilis
718 2286 789 2350 visu
812 2287 981 2369 crudisque
1004 2289 1180 2373 asperrima
1202 2289 1313 2366 bellis,

535 2389 667 2474 imperio
690 2389 834 2454 subiecta
856 2397 927 2472 tuo,
955 2392 1072 2456 servire
1096 2403 1226 2476 parata,

534 2492 567 2555 in
590 2491 698 2556 media
720 2494 855 2577 supplex
879 2494 1002 2559 delusis
1026 2495 1165 2560 crinibus
1188 2498 1263 2561 aula

535 2602 645 2660 exorat
667 2617 798 2680 pacem,
824 2619 882 2662 nec
906 2598 1004 2663 lidere
1027 2599 1157 2664 milibus
1180 2600 1277 2666 audet

535 2703 581 2764 tot
603 2720 771 2764 numerosa
794 2701 872 2782 suis,
899 2703 1042 2766 Romana
1065 2702 1223 2768 lacessere
1247 2705 1349 2786 signa.

535 2803 607 2885 quis
629 2805 745 2868 totiens
768 2805 868 2869 rietes
892 2812 1036 2871 numeret
1057 2827 1114 2890 per
1135 2807 1257 2891 proelia
1278 2808 1418 2873 Francos

494 2971 499 2980 ,
534 2904 751 2990 edomitosque
776 2907 898 2973 Getas:l
920 2915 1028 2992 captos
1052 2917 1229 2992 stratosque
1252 2918 1426 2993 tyrannos?

535 3009 816 3090 Langobardorum
839 3012 973 3096 populos
996 3011 1212 3097 Gipirlumque
1235 3012 1375 3090 feroces,

535 3119 645 3178 mutua
667 3134 723 3199 per
746 3115 826 3178 latos
848 3115 931 3180 inter
953 3134 987 3180 se
1010 3117 1144 3180 vulnera
1167 3137 1296 3201 campos

535 3216 707 3282 miscentes
731 3216 855 3282 feritate
880 3239 954 3300 sua,
981 3239 1052 3282 eum
1076 3220 1176 3285 milite
1199 3227 1266 3285 tuto
1311 3247 1314 3256 ¹

427 3346 439 3382 r,
534 3320 675 3385 alternas
698 3330 811 3404 gentes
835 3322 954 3387 domini
976 3322 1103 3387 fortuna
1126 3331 1275 3389 necarem

536 3445 609 3508 pars
631 3425 828 3490 inimicorum
852 3425 968 3491 cecidit
988 3433 1054 3491 tum
1077 3447 1195 3510 magna
1217 3434 1341 3493 tuorum

534 3527 669 3610 perfidia
690 3529 802 3612 punita
824 3547 895 3592 sua.
941 3550 1025 3594 nunc
1048 3530 1148 3594 Marte
1173 3538 1301 3615 peraeto

534 3630 670 3695 victores
693 3632 830 3715 victique
855 3632 949 3697 simul
973 3632 1168 3698 famulantur
1190 3635 1222 3699 in
1245 3636 1331 3700 aula.

535 3735 637 3799 solum
661 3736 870 3801 excellentem
894 3737 1107 3803 conscendere
1130 3738 1225 3802 iussit
1247 3738 1279 3802 iu
1301 3759 1407 3803 arcem

535 3845 565 3901 tc
588 3845 680 3922 pater
701 3840 917 3923 omnipotens,
944 3860 1131 3923 summaque
1153 3841 1186 3904 in
1210 3841 1287 3906 sede
1311 3842 1440 3908 locavit.

534 3949 636 4006 mater
657 3942 782 4007 consilii
805 3942 941 4025 placidis
964 3944 1140 4026 vigilantia
1161 3945 1279 4009 restris

534 4064 660 4130 semper
681 4046 765 4111 inest
786 4047 902 4126 oculis,
930 4067 1088 4129 quamque
1111 4047 1195 4111 omni
1219 4055 1345 4140 pectore
1368 4057 1495 4131 gestas,

533 4149 620 4214 alma
641 4151 804 4232 Augusta,
831 4151 876 4214 tui
899 4169 1027 4216 consors
1051 4151 1218 4236 Sapientia
1240 4152 1342 4235 regni.

533 4261 566 4317 tu
590 4273 733 4336 quoque,
760 4253 904 4318 Iustitiae
927 4274 1043 4318 nomen
1066 4254 1254 4322 denomino
1279 4275 1425 4335 sumens,

425 4381 437 4418 a
533 4356 624 4420 frena
645 4355 855 4440 regendorum
879 4357 996 4421 retines
1019 4357 1201 4422 firmissima
1222 4377 1344 4440 regum.

532 4460 713 4524 nominibus
729 4460 838 4532 ¹tribus
860 4459 911 4524 his
934 4460 1054 4543 regitur
1076 4461 1297 4543 quodcumque
1319 4471 1474 4527 moretur.

532 4563 675 4628 certatim
698 4569 811 4646 gentes
835 4564 978 4628 Romana
1000 4564 1043 4627 ad
1065 4564 1196 4630 foedera
1218 4571 1361 4630 currunt:

532 4669 674 4753 principe
697 4689 754 4751 pro
776 4668 858 4732 iusto
882 4669 1057 4732 Romanum
1080 4688 1195 4748 nomen
1217 4676 1359 4750 amatur,

532 4772 656 4853 subque
678 4770 731 4860 pio
754 4770 881 4835 domino
904 4771 1008 4836 cuncti
1029 4771 1111 4836 bene
1133 4772 1241 4837 vivere
1264 4779 1429 4855 quaerunt.

406 4897 435 4936 uo
531 4875 588 4940 ille
611 4875 723 4954 etiam,
751 4874 827 4939 solis
850 4874 904 4956 qui
927 4894 962 4938 se
985 4874 1144 4940 subiectat
1166 4875 1321 4958 amicum,

217 5157 232 5206 9
252 5157 297 5204 sub
315 5156 421 5218 pedibus
440 5156 509 5204 dcdlt
527 5169 582 5203 essa
601 5155 652 5202 luis
671 5153 743 5213 Ruta,
764 5156 811 5201 sub
830 5153 932 5201 sedibus
951 5153 1022 5201 dedit
1035 5168 1091 5202 esse
1104 5156 1155 5202 tuis
1169 5153 1204 5216 Μ,
1225 5157 1271 5202 sub
1285 5156 1356 5204 sedec
1369 5157 1439 5204 dedit
1452 5159 1500 5206 issa
1514 5165 1569 5208 tuas
1584 5160 1658 5208 sarm
1673 5163 1769 5210 ,ll'l'd

146 5264 172 5309 p.
190 5249 254 5296 1993
358 5260 478 5307 supernos
492 5245 526 5307 Μ,
547 5249 580 5294 sle
593 5244 644 5304 sere
657 5251 755 5304 seraper,
778 5244 819 5290 sed
831 5259 893 5290 corr.
907 5244 1048 5305 plerumque
1062 5245 1077 5290 9
1089 5260 1122 5293 m.
1229 5246 1243 5294 1
1263 5247 1324 5294 dura
1339 5245 1373 5304 Μ,
1394 5247 1446 5294 dira
1459 5245 1537 5294 Barth
1551 5247 1647 5294 XXV6
1661 5264 1686 5309 p.
1703 5251 1769 5297 1993

149 5335 291 5384 iorrlbilis
310 5331 337 5378 M
438 5332 498 5379 belli
519 5331 546 5377 Μ
648 5331 718 5377 lltot
737 5329 808 5391 aasz,
830 5329 935 5378 ιοοΜ
1037 5331 1158 5378 lacescere
1179 5330 1205 5376 Μ
1310 5330 1341 5379 10
1360 5333 1417 5393 quis
1436 5330 1512 5379 Borlb
1532 5332 1686 5393 1111331).
1707 5337 1767 5394 856,

148 5423 191 5484 qui
211 5419 246 5479 Μ,
267 5433 331 5480 quac
352 5417 414 5464 Rata
528 5417 555 5466 11
578 5415 796 5478 edomltnsqnell
900 5415 930 5464 13
950 5422 1017 5463 mula
1037 5416 1064 5462 111
1169 5417 1198 5466 11
1218 5432 1295 5480 quum
1317 5417 1477 5477 M,nlcotet
1584 5415 1737 5481 lbprasM

147 5515 200 5556 tum
213 5505 288 5554 Burtlr
302 5504 435 5564 usurp.
451 5504 523 5564 1991,
543 5518 619 5564 quum
641 5502 668 5548 Μ
773 5503 801 5551 11
821 5504 906 5564 ponite
926 5501 954 5548 Μ
1059 5503 1088 5551 18
1108 5505 1181 5551 simul
1200 5503 1257 5554 odd.
1281 5505 1401 5552 Buebrcm
1420 5503 1690 5554 Martiarum!
1708 5508 1767 5566 991,

146 5608 214 5642 sacra
231 5590 290 5640 erdd.
306 5591 427 5652 Demprt„
449 5605 497 5638 una
514 5589 572 5638 add.
590 5591 657 5638 Coeo.
675 5590 796 5635 llorom'nr
815 5594 837 5635 el
856 5588 985 5636 Pauorem
1003 5593 1060 5636 terte
1073 5589 1173 5636 Burtln'o
1188 5591 1283 5637 ,121113
1300 5607 1325 5651 p.
1345 5593 1418 5650 1991,
1444 5597 1487 5638 tua
1505 5588 1563 5639 add.
1578 5591 1695 5640 dolitum
1709 5593 1767 5641 11111.

146 5676 414 5729 ubsedlocaunrl
525 5674 556 5724 93
575 5677 786 5736 corrsorsapientia
807 5675 832 5722 Μ
945 5675 1104 5723 25retiuons
1127 5675 1151 5721 Μ
1267 5677 1465 5725 'lbumrnlnibns
1485 5675 1545 5724 thl.
1652 5677 1770 5727 'lilirrsto

147 5769 283 5814 Romanum
303 5763 375 5822 Rois,
396 5763 516 5809 iustorum
536 5776 635 5808 manum
657 5760 681 5806 Μ

1510 5865 1563 5914 15*
