4508 6434
1174 405 1322 460 CORlPPl

826 604 963 663 mactatu
986 597 1075 661 vario
1098 601 1221 661 nontam
1245 614 1390 660 sermone
1412 594 1587 660 trabentes.

826 701 947 784 gaudia
968 700 1104 765 militiae
1126 699 1268 765 resemnt
1289 699 1459 782 tristesque
1483 698 1627 778 labores,

826 823 971 886 quasque
993 803 1128 868 Latinus
1149 803 1217 886 agit
1239 802 1370 867 vinoens
1393 801 1553 868 exereitus
1576 802 1702 880 orbern,

827 927 911 972 nune
932 909 1014 972 bene
1037 905 1224 971 commissas
1245 905 1420 972 relerentes
1443 905 1551 972 ordine
1575 925 1716 991 pugnus,

827 1031 910 1076 nune
931 1010 1016 1075 male
1039 1016 1131 1094 gesta
1152 1027 1234 1075 novo
1255 1016 1468 1074 memorantes
1491 1009 1577 1074 bella
1600 1008 1720 1073 dolore.

827 1113 903 1178 dum
927 1113 1056 1178 diversa
1078 1119 1214 1194 eannnt,
1241 1112 1352 1178 ductor
1374 1112 1421 1177 sio
1443 1111 1523 1178 sorte
1546 1112 1681 1177 loeutus.

830 1216 954 1299 ‘qualis
977 1216 1012 1280 in
1034 1215 1176 1281 adventu
1199 1214 1303 1280 suerat
1325 1223 1399 1281 tune
1421 1214 1530 1280 Airiea
1551 1221 1678 1295 nostro,

826 1340 844 1382 o
868 1319 964 1401 soeii,
990 1318 1097 1384 saevis
1120 1325 1207 1385 esset
1229 1337 1299 1384 oum
1322 1319 1463 1385 maxima
1485 1319 1595 1402 regnis

718 1446 730 1484 a
827 1422 905 1488 ultio
928 1422 1027 1488 missa
1049 1421 1118 1503 dei,
1147 1421 1270 1487 tristem
1292 1442 1375 1505 quae
1398 1423 1457 1488 rite
1479 1428 1650 1506 tyrannum

826 1525 1101 1608 Vandalienmqne
1123 1545 1226 1608 genus
1248 1533 1382 1590 centeno
1405 1525 1553 1610 perderet
1575 1546 1676 1606 anno,

827 1627 983 1693 Geilamir
1003 1627 1157 1694 infandus
1179 1628 1332 1710 quamvis
1349 1635 1524 1694 vexaverat
1546 1629 1641 1694 Afros

826 1731 1070 1816 perdideratque
1093 1751 1229 1814 nocens,
1255 1751 1392 1816 magnus
1414 1752 1477 1815 qno
1498 1740 1641 1818 tempore
1664 1731 1775 1797 ducor

827 1835 886 1900 sub
908 1835 985 1918 iuga
1008 1835 1158 1900 Sidonias
1180 1835 1266 1899 misit
1289 1835 1465 1901 Belisarius
1487 1855 1596 1920 aroes,

827 1937 1023 2024 principibus
1046 1946 1173 2023 eapturn
1197 1946 1406 2022 praesentans
1429 1939 1506 2005 nrbe
1528 1942 1715 2024 tyrannum!
1762 1937 1765 1942 '

826 2062 922 2124 qnam
946 2041 1159 2106 aeleri-eursu
1182 2041 1315 2124 summis
1337 2049 1382 2107 tot
1404 2043 1491 2108 bella
1512 2049 1642 2128 peraeta

827 2144 966 2228 viribus,
992 2151 1048 2209 aut
1070 2164 1153 2228 qnae
1176 2143 1274 2228 digna
1297 2145 1399 2211 virum
1423 2145 1548 2212 fortuna
1570 2153 1680 2212 secuta
1704 2150 1768 2212 est!

827 2249 895 2314 ibat
915 2249 949 2313 in
970 2248 1128 2313 adduetas
1152 2248 1261 2314 densis
1284 2249 1442 2315 exereitus
1464 2251 1593 2315 umbras

828 2351 1011 2434 arboribus,
1037 2351 1141 2436 rapidi
1163 2372 1222 2417 nee
1246 2352 1323 2418 solis
1345 2353 1484 2418 torridus
1507 2354 1601 2418 ardor

703 2483 733 2520 e
829 2455 963 2520 militiae
985 2456 1092 2521 noeuit
1114 2455 1241 2521 fervens
1263 2461 1386 2520 aestate
1409 2464 1554 2541 perusta,

829 2577 1022 2641 quamquam
1045 2566 1216 2624 autumnus
1239 2566 1323 2641 erat,
1349 2558 1471 2624 Phoebi
1494 2559 1661 2625 oandentis
1683 2566 1715 2624 et
1737 2579 1799 2624 axe

829 2662 932 2727 tristia
954 2662 1041 2727 bella
1062 2662 1167 2745 magis
1190 2662 1296 2727 ualida
1317 2662 1509 2728 inferrentur
1531 2663 1660 2729 harena.

830 2784 890 2830 nee
911 2765 1016 2830 minus
1038 2771 1070 2830 et
1092 2771 1201 2850 capto,
1227 2765 1313 2832 laeta
1334 2765 1399 2831 iarn
1423 2786 1516 2852 paee,
1543 2775 1678 2851 tyranno

832 2869 919 2934 laeta
941 2867 1013 2933 fuit.
1059 2869 1189 2954 plenam
1212 2868 1346 2954 Libyam
1369 2871 1551 2953 cultamque
1574 2870 1703 2953 reliqui,

831 2971 925 3054 inque
949 2977 1034 3036 statu
1056 2972 1183 3057 proprio
1205 2991 1257 3038 me
1281 2972 1466 3038 discedente
1489 2973 1643 3038 remansit

832 3082 864 3140 et
884 3075 1007 3141 melior.
1054 3094 1124 3140 sum
1146 3095 1283 3158 namque
1305 3095 1435 3142 memor.
1483 3076 1639 3161 fecunda,
1665 3077 1848 3143 redundans

831 3178 994 3261 frugibus,
1020 3186 1054 3244 et
1075 3178 1196 3266 fruetus
1218 3179 1327 3245 lumen
1350 3179 1513 3246 fundentis
1536 3180 1640 3246 olivae

831 3288 863 3348 et
885 3282 996 3348 latioes
1019 3282 1096 3346 laeti
1117 3289 1249 3365 turgens
1272 3282 1431 3350 referebat
1453 3283 1572 3349 Iauebi.

831 3407 895 3470 pax
918 3393 987 3450 erat
1007 3385 1074 3450 alta
1095 3385 1184 3450 loeis.
1232 3406 1315 3468 quae
1338 3392 1427 3452 tanta
1449 3387 1575 3452 insania
1596 3386 1693 3469 belli,

706 3519 736 3556 κ’,
831 3489 903 3572 quis
925 3489 1012 3554 luror
1033 3489 1154 3554 exarsit
1175 3489 1301 3554 miseris
1323 3490 1455 3555 insanus
1478 3490 1511 3554 in
1533 3491 1642 3555 arvis?

831 3613 914 3676 quae
937 3600 1044 3657 movet
1065 3591 1222 3658 immerito
1244 3594 1393 3677 quatiens
1416 3594 1551 3658 Bellona
1573 3592 1704 3677 flagello

830 3697 1015 3762 innumeras
1038 3701 1171 3778 gentes?
1215 3696 1266 3762 vel
1289 3717 1371 3780 qnae
1395 3697 1539 3762 sneeedit
1561 3698 1677 3781 Erinys

832 3807 864 3864 et
886 3800 1121 3865 Phaethonteos
1143 3799 1351 3866 oommisoens
1373 3801 1523 3883 gentibus
1544 3801 1637 3883 ignes

831 3904 938 3969 omnia
960 3904 1006 3968 sio
1027 3903 1160 3988 mergit,
1186 3903 1296 3986 ualida
1317 3903 1446 3970 labente
1468 3904 1583 3970 ruina?

832 4007 884 4072 die
905 4027 984 4090 age,
1011 4007 1156 4090 quisquis
1177 4007 1258 4073 ades
1280 4008 1418 4091 quaesiti
1439 4009 1590 4093 temporis
1611 4008 1735 4074 index'.

919 4111 1054 4176 Gentius
1076 4110 1226 4194 egregius
1248 4111 1445 4196 respondens
1468 4131 1545 4177 vooe
1568 4112 1738 4195 magistro,

832 4215 922 4297 isque
946 4213 1115 4298 magister,
1143 4215 1199 4279 ait.
1251 4214 1366 4299 ‘digno
1388 4215 1570 4281 venerande
1593 4216 1702 4281 favore

831 4326 934 4384 reetor
956 4338 1078 4383 summe
1100 4317 1234 4401 dueum,
1260 4318 1401 4385 nutantis
1423 4319 1550 4386 destina
1571 4326 1691 4402 terrae,

832 4443 906 4508 spes
929 4423 1051 4506 Libyae
1073 4422 1235 4506 nostrique
1257 4421 1348 4487 lavor
1369 4421 1532 4505 virtusque
1554 4423 1722 4508 triumphi,
1824 4473 1826 4478 .

831 4527 931 4612 impia
952 4546 1035 4608 qnae
1058 4525 1154 4592 inerit
1174 4524 1253 4591 belli
1275 4527 1437 4591 nascentis
1459 4526 1566 4611 origo,

830 4651 889 4695 nos
911 4631 990 4695 latet
1011 4629 1168 4696 abstrusis
1190 4629 1317 4714 penitus
1339 4635 1487 4696 contenta
1509 4630 1650 4695 latebris.

832 4741 938 4800 vester
959 4733 1139 4800 Caecilides
1161 4734 1220 4798 illa
1242 4733 1282 4798 de
1305 4739 1394 4818 parte
1417 4733 1580 4815 tribunus,

833 4837 860 4902 si
882 4837 988 4902 iussus
1011 4837 1115 4921 coepti
1137 4835 1255 4902 referat
1277 4836 1461 4901 discrimina
1483 4836 1578 4918 belli,

832 4949 946 5006 ennete
966 4940 1079 5006 dooere
1103 4946 1216 5024 potest.
1264 4939 1355 5005 euius
1378 4939 1495 5025 quippe
1518 4939 1625 5005 omnia
1647 4940 1736 5005 novit

832 5044 866 5108 in
888 5044 994 5129 patria
1015 5043 1185 5109 commissa
1207 5063 1282 5126 sua,
1309 5050 1485 5126 gentesque
1509 5043 1658 5127 locosque

832 5157 1055 5231 auctoremque
1078 5147 1155 5213 mali
1177 5147 1272 5233 prinei
1295 5149 1366 5233 seu'4
1374 5147 1525 5232 temporis
1548 5147 1656 5213 iram'.

514 5399 817 5450 ltractatonarieBetlt.
908 5394 939 5444 12
958 5397 1020 5444 forte
1037 5394 1064 5453 Τ,
1084 5406 1125 5442 ore
1138 5391 1217 5442 Maza.
1303 5393 1443 5442 luentnsl'

1540 5391 1569 5441 ll
1587 5407 1644 5440 oum
1657 5392 1741 5452 Boe,
1762 5393 1820 5442 dnm
1838 5393 1859 5440 Τ
1958 5396 1989 5445 l'l
2010 5413 2074 5449 nes-

444 5489 620 5536 saueratatrox
636 5487 656 5533 Τ
760 5486 793 5536 20
811 5491 906 5534 cattum
921 5484 941 5529 Τ
1044 5481 1076 5530 23
1095 5479 1233 5530 adnotasl'
1337 5480 1369 5529 26
1387 5493 1536 5542 quamquam
1552 5479 1580 5540 Τ,
1598 5493 1704 5540 utrmque
1717 5479 1816 5530 metm.
1905 5486 2075 5534 cantantis?

444 5574 476 5620 3⁰
495 5572 687 5621 dosoednutoT
790 5571 822 5621 32
841 5569 952 5618 ullnel'
1057 5567 1088 5616 35
1108 5567 1254 5617 insonnsT
1358 5565 1390 5615 36
1409 5565 1562 5628 quotlensT
1664 5565 1696 5614 37
1715 5566 1847 5615 berinisl'
1952 5567 1987 5619 38
2007 5571 2075 5632 phe.

445 5658 586 5707 tonteosT
688 5657 721 5706 40
740 5659 799 5706 ades
817 5657 901 5718 Beleia,
922 5654 991 5704 esT
1067 5652 1128 5702 ,42
1148 5654 1220 5716 isque
1241 5653 1269 5713 Τ,
1290 5654 1343 5715 lpse
1363 5653 1461 5701 beelim.

443 5745 523 5793 bitum
543 5743 633 5816 Mersa„
653 5745 785 5792 abstractis
806 5743 835 5805 T,
856 5744 988 5792 obstruatis
1007 5741 1080 5789 Bere.
1188 5739 1215 5788 51
1239 5741 1274 5788 ira
1294 5740 1314 5785 Τ

1567 5651 1600 5700 43
1618 5641 1728 5700 rattor'T
1829 5652 1862 5702 lo
1880 5654 2006 5704 abstrusis
2024 5657 2076 5704 du-
