4462 6436
698 429 737 484 IN
756 425 913 484 LAVDEM
932 429 1073 485 IVSTINI
1091 430 1162 485 LlB.
1183 430 1232 485 lv.

540 625 681 686 armatas
703 620 826 687 classes
847 620 969 687 ratibus
992 640 1064 687 oum
1087 619 1175 687 mille
1198 627 1356 706 pararent.

540 723 599 788 illa
620 724 708 808 prius
730 725 836 790 laetae
859 725 1043 810 spectacula
1064 723 1212 810 praebuit
1233 725 1305 790 urbi

540 826 674 892 sabrina.
720 827 875 893 mirantur
896 829 1023 914 populi,
1050 827 1219 911 studioque
1242 828 1373 894 videndi

502 941 504 946 ’
540 930 643 995 omnis
664 951 855 998 concurrens
877 949 974 997 sexus
996 932 1146 998 veniebat
1168 938 1201 996 et
1221 937 1323 998 aetas.

540 1033 705 1099 roboribus
726 1033 819 1100 flexis
841 1041 958 1100 teretes
980 1040 1171 1101 curvaverat
1192 1054 1286 1099 arens

538 1136 695 1203 artificum
717 1138 891 1223 praedoeta
913 1157 1044 1218 manns,
1070 1137 1276 1222 trabibusque
1300 1131 1423 1205 canatis

539 1239 685 1325 adigens
708 1239 835 1307 tabulas
858 1242 1036 1327 pendentes
1060 1247 1220 1307 struxerat
1242 1242 1359 1324 aedes,

538 1352 688 1432 quattuor
708 1345 884 1411 informans
907 1346 1023 1410 molem
1046 1346 1237 1411 stationibus
1261 1365 1376 1428 unam,

539 1452 646 1517 buxea
667 1451 814 1535 populeis
836 1456 951 1534 aptans
973 1450 1126 1535 capitella
1149 1451 1305 1516 oolumnis

538 1554 736 1638 materiaque
757 1554 831 1639 ipsa
852 1555 948 1620 bases
970 1552 1154 1620 firmaverat
1176 1555 1277 1620 imas:

538 1658 644 1724 omnia
666 1657 831 1723 roboribus
855 1663 1001 1723 sternunt
1022 1658 1093 1722 loea
1115 1659 1214 1742 plana
1236 1658 1355 1743 politis.

538 1763 734 1846 coniungunt
754 1761 883 1826 tabulas
906 1767 938 1826 et
960 1761 1035 1826 lerri
1058 1761 1194 1828 nexibus
1217 1767 1340 1844 artant,

537 1886 620 1950 quae
642 1865 767 1950 pondus
791 1865 1004 1950 strepitusque
1027 1865 1129 1930 virum
1153 1872 1320 1948 motusque
1342 1865 1480 1932 faventis

537 1971 621 2036 ferre
643 1975 763 2054 queant
784 1967 905 2054 populi.
955 1976 1138 2035 eunetorum
1161 1976 1252 2053 terga
1274 1970 1414 2035 locorum

535 2075 757 2156 alternumque
779 2073 864 2138 latus
886 2073 1042 2138 oonolusit
1063 2073 1175 2139 sectile
1198 2073 1338 2156 lignum,

538 2177 676 2260 undique
698 2176 879 2258 munimen,
904 2176 1004 2242 denus
1028 2183 1060 2241 et
1080 2176 1237 2241 tutamina
1258 2178 1428 2262 praebens.

535 2280 722 2366 disposuere
744 2279 883 2364 gradus,
909 2279 982 2362 quis
1005 2285 1105 2345 staret
1126 2280 1159 2344 in
1183 2279 1294 2345 ordine
1317 2281 1412 2363 longo

535 2384 673 2450 divisum
696 2384 730 2448 in
751 2389 873 2449 turmas
895 2390 992 2466 atque
1014 2383 1047 2447 in
1070 2402 1130 2447 sua
1153 2403 1284 2468 corpora
1306 2384 1441 2467 vulgus,

534 2496 645 2574 posset
666 2494 701 2553 ut
722 2493 849 2554 eremas
871 2487 914 2552 ad
935 2506 1069 2552 munera
1089 2481 1223 2552 tendere
1246 2488 1387 2572 palmas,

535 2593 668 2659 liberius
691 2597 836 2677 spectare
859 2591 960 2656 oeulis
982 2590 1194 2674 manibusque
1216 2590 1343 2674 favere,

534 2705 567 2762 et
589 2696 683 2761 donis
706 2702 817 2780 aptare
840 2695 948 2777 sinus,
974 2714 1058 2776 quae
1080 2695 1219 2778 plurima
1241 2697 1351 2762 oonsul

531 2801 565 2865 in
588 2801 700 2885 plebes
721 2798 878 2863 missurus
900 2803 986 2880 erat,
1012 2797 1201 2881 palmasque
1224 2819 1360 2883 eapaoes

532 2903 682 2984 tendere,
708 2922 771 2986 quo
793 2901 926 2968 veniens
948 2901 1013 2966 late
1036 2901 1128 2984 pluat
1148 2921 1265 2968 aureus
1288 2903 1400 2969 imber.

618 3013 654 3072 nt
676 3007 767 3072 labor
788 3005 945 3070 artifioum
969 3003 1111 3088 perfetta
1132 3005 1216 3070 mole
1239 3007 1377 3089 quievit,

532 3119 627 3195 atque
651 3110 757 3196 operis
779 3109 861 3174 tanti
884 3109 978 3174 nituit
1000 3108 1116 3191 denus,
1143 3109 1250 3174 omnia
1272 3110 1355 3192 late,

532 3233 615 3298 quae
637 3215 731 3280 modo
754 3213 913 3296 lignorum
936 3213 1128 3294 squalebant
1150 3212 1326 3297 fragmine,
1352 3216 1525 3297 mundant,

530 3325 747 3402 exornantque
769 3318 873 3400 loeus,
900 3323 932 3382 et
953 3316 1037 3382 festa
1060 3315 1172 3382 fronde
1196 3326 1349 3385 eoronant

530 3429 638 3509 partes
659 3422 777 3506 quique
799 3439 887 3486 suas.
933 3419 1006 3484 fixis
1028 3420 1175 3486 tabulata
1197 3421 1343 3489 virebant

530 3527 708 3612 palmarum
729 3524 827 3590 ramis
850 3530 882 3589 et
903 3523 1027 3589 eminae
1049 3523 1140 3608 paeis
1162 3524 1278 3590 olivae.

530 3635 644 3695 cuneta
666 3627 870 3712 triumphalis
892 3625 1069 3712 pendentia
1091 3625 1231 3694 eulmina
1252 3629 1363 3694 laurus

529 3733 625 3800 eomit
646 3739 679 3797 et
700 3731 898 3816 amplectens
920 3729 1007 3795 foliis
1030 3730 1178 3797 felioibus
1200 3732 1310 3798 ambit.

529 3857 609 3920 quos
631 3836 701 3902 illie
722 3835 833 3916 ludos,
859 3853 942 3918 quae
964 3834 1047 3900 feria
1068 3835 1187 3920 vulgus
1210 3835 1366 3902 babebat!

529 3941 639 4008 ludere
661 3959 746 4005 nune
768 3939 866 4023 alios,
893 3939 974 4004 alios
997 3945 1142 4024 spectare
1165 3939 1291 4005 videres

529 4045 617 4111 mille
640 4044 839 4128 voluptatum
862 4043 996 4127 sqreoies.
1043 4042 1206 4107 velamina
1227 4044 1379 4126 tendunt,

528 4157 564 4217 ut
585 4149 657 4215 looa
678 4167 824 4231 quaeque
848 4145 974 4211 decent.
1021 4146 1152 4230 utplus
1175 4147 1347 4229 mirentur,
1373 4149 1574 4214 obumbrant.

528 4251 612 4336 quod
635 4252 732 4334 vulgo
755 4255 821 4332 est,
848 4250 912 4315 vile
935 4255 999 4316 est:
1026 4248 1183 4332 quidquid
1205 4250 1301 4332 latet,
1328 4256 1434 4328 extat,
1460 4253 1612 4330 bonorat;

528 4355 676 4440 quodque
698 4355 803 4437 magis
825 4354 960 4436 tegitur,
986 4351 1080 4437 pretii
1102 4353 1233 4418 maioris
1255 4354 1400 4420 habetur.

527 4467 602 4525 tuno
623 4459 813 4524 interclusos
835 4457 917 4522 nulli
938 4456 1074 4522 transire
1098 4457 1157 4521 snb
1180 4477 1274 4522 arens
1344 4469 1346 4478 '

528 4579 714 4628 conoessum
737 4568 801 4626 est:
829 4561 950 4626 eunetis
973 4559 1079 4624 medio
1101 4560 1155 4625 via
1177 4560 1244 4626 lata
1266 4569 1386 4646 patere.
1449 4605 1454 4612 ·

613 4665 669 4730 lux
692 4670 806 4730 octava
827 4684 909 4729 novo
931 4663 1093 4730 nascentis
1116 4664 1236 4730 lumine
1259 4665 1380 4732 Christi

518 4769 560 4844 ,in
583 4785 618 4832 se
640 4767 800 4833 volventis
823 4768 961 4850 vestigia
983 4766 1117 4833 flexerat
1139 4767 1233 4841 anni:

527 4892 616 4937 more
639 4890 698 4936 suo
721 4891 850 4937 ourrens
873 4877 972 4936 totum
995 4871 1201 4955 oonpleverat
1223 4873 1332 4937 orbem

528 4974 667 5041 circulus
689 4974 821 5040 alterius
844 4973 988 5040 referens
1012 4974 1052 5040 de
1074 4973 1137 5042 fine
1161 4974 1284 5041 dierum

209 5277 241 5325 53
259 5277 363 5325 uiuendi
383 5281 395 5324 1
416 5290 462 5336 m.,
482 5273 673 5324 ntuentium.
695 5271 724 5318 M
853 5273 886 5322 56
905 5274 996 5322 orbatis
1016 5278 1027 5322 1
1048 5289 1094 5336 m,
1115 5277 1294 5324 oeuatlst’m.
1316 5274 1344 5321 M
1475 5274 1769 5334 braimensem!

140 5365 173 5412 66
191 5365 263 5412 bases
281 5366 335 5426 ipsa
353 5364 423 5424 Jeep.
529 5361 670 5409 tlrmabarat
689 5364 701 5406 1
721 5375 767 5418 aa,
792 5361 932 5408 firmanerat
952 5362 967 5407 9
984 5375 1018 5410 m.
1041 5359 1069 5406 Μ
1172 5361 1204 5410 65
1222 5363 1285 5410 latos
1303 5362 1411 5409 conlusit
1430 5359 1459 5406 Μ
1560 5360 1593 5409 66
1611 5374 1721 5423 preuans
1741 5361 1768 5408 Μ

139 5451 170 5500 bl
190 5441 277 5512 grados
296 5453 308 5497 1
328 5463 374 5509 m.‚
395 5448 572 5508 madusius.
594 5445 623 5492 Μ
725 5446 757 5494 69
776 5449 919 5506 ntacripst,
938 5454 964 5495 et
982 5452 1011 5494 ut
1030 5445 1065 5508 M,
1092 5452 1118 5494 et
1137 5447 1200 5494 linia
1304 5447 1336 5495 to
1355 5449 1458 5495 liuerius
1477 5446 1505 5493 M
1608 5447 1639 5495 tn
1658 5448 1766 5508 palmas·

139 5551 187 5599 que
202 5536 237 5596 Μ,
258 5537 386 5599 pallasque
399 5533 535 5586 Mommsen
641 5531 672 5581 73
691 5531 803 5580 inberM
905 5531 938 5581 78
956 5534 1193 5596 qnisquedabr'tnm
1210 5535 1371 5594 vonetspee.
1386 5535 1420 5580 30
1524 5531 1556 5580 62
1575 5535 1714 5595 quaelerin
1729 5533 1764 5594 M,

138 5637 203 5686 qnae
223 5625 286 5671 seria
304 5622 426 5682 Demsi„
447 5623 522 5671 lorias
540 5635 601 5684 quas
619 5621 657 5667 oet
674 5633 739 5681 quae
757 5619 870 5679 testaque
888 5621 974 5668 mutim
1078 5621 1111 5669 85
1129 5626 1140 5667 t
1157 5621 1210 5668 loon
1231 5625 1302 5678 lm.‚
1323 5627 1352 5668 ut
1369 5621 1421 5668 loca
1440 5619 1500 5668 Pru.
1518 5619 1552 5680 M,
1573 5627 1600 5667 et
1617 5620 1669 5668 loca
1689 5621 1761 5682 lbyy.

140 5709 173 5760 86
185 5711 289 5759 honorat
301 5709 336 5768 M,
351 5709 471 5758 bonorum
484 5709 548 5757 Bata
635 5705 907 5769 Slqnoquedabttnas
920 5705 990 5770 Jeep.
1074 5705 1107 5754 68
1120 5720 1187 5754 arcos
1201 5711 1213 5754 l
1227 5723 1271 5766 on,
1287 5707 1431 5754 amusim.
1448 5705 1476 5752 Μ
1556 5704 1588 5755 89
1602 5707 1692 5754 uiolata
1706 5707 1732 5753 Μ

138 5803 223 5861 patere
244 5793 279 5856 M,
299 5796 401 5858 patebat
419 5795 482 5843 Rata
