4546 6420
909 406 1137 464 rnoonnrvrr.
1787 411 1836 478 XI

209 633 291 700 inter
313 633 434 716 Syrtim
457 621 610 697 minorem
634 637 667 697 et
688 632 829 697 Tritonis
857 633 963 697 lacum
994 631 1158 698 habitasse
1181 633 1264 698 inter
1285 652 1395 698 omnes
1418 640 1550 698 constat.
1599 635 1745 702 Eandem
1769 635 1836 701 fere

210 754 373 836 regionem
395 753 537 818 Astrices
559 752 748 834 incoluisse,
782 771 862 836 quos
885 752 970 837 Syrti
999 753 1112 819 minori
1135 753 1258 818 vicinos
1280 752 1344 817 iam
1367 754 1570 820 Ptolemaeus
1592 755 1721 822 novisse
1744 756 1836 822 vide·

211 875 320 950 turer,
347 873 419 958 ipsa
434 872 610 938 lohannide
634 875 784 952 certiores
806 873 911 938 fimus.
955 874 1100 956 Pugnam
1116 874 1211 952 enim,
1232 894 1295 956 qua
1311 874 1470 940 Astricum
1487 875 1519 938 in
1536 874 1652 941 finibus
1675 847 1835 942 Iohannes

210 994 364 1078 magister
386 994 521 1058 militum
543 1014 564 1057 a
579 992 707 1078 populis
723 993 855 1078 Syrticis
871 994 972 1058 victus
993 1000 1051 1074 est,
1077 993 1169 1059 iuxta
1185 993 1289 1077 Syrtis
1312 994 1441 1059 minoris
1464 994 1558 1060 litora
1581 995 1669 1061 haud
1690 997 1835 1081 procula

211 1116 340 1198 Tacape
363 1115 566 1179 commissam
589 1133 661 1180 esse
684 1136 716 1199 p.
735 1114 864 1180 XXXII
887 1114 1112 1196 demonstravi,
1139 1115 1194 1190 uhi
1216 1113 1256 1179 de
1279 1113 1431 1179 Iohannis
1453 1114 1711 1200 expeditionibus
1733 1135 1835 1200 agens

210 1254 321 1300 versus
344 1235 375 1297 II
399 1236 538 1312 77-84,
563 1235 618 1317 qui
640 1234 684 1300 ad
706 1233 831 1301 cladem
858 1235 949 1300 illam
972 1234 1199 1320 Byzantiorum
1222 1233 1390 1317 pertinent,
1417 1235 1588 1319 explicavi.

296 1373 399 1437 Versu
421 1371 573 1458 deinceps
597 1376 637 1436 85
660 1380 756 1456 potita
778 1393 858 1437 novo
881 1373 974 1456 quasi
996 1373 1116 1457 impetu
1132 1373 1174 1436 ad
1197 1373 1294 1437 aliam
1315 1373 1459 1456 gentium
1474 1373 1687 1439 Mauriearum
1710 1379 1833 1459 partem

209 1493 438 1558 recensendam
461 1493 575 1577 pergit,
602 1491 644 1556 ad
666 1493 801 1577 populos
816 1493 1044 1558 Marmaridum
1071 1494 1111 1574 (v.
1135 1495 1205 1574 138)
1225 1492 1327 1576 Syrtis
1350 1492 1479 1557 maioris
1501 1494 1639 1574 accolas,
1666 1514 1832 1576 quoscum

211 1613 290 1678 alibi
312 1621 379 1678 tum
403 1612 463 1676 hoc
478 1620 584 1677 nostro
599 1612 668 1677 loeo
684 1633 704 1676 a
721 1614 835 1678 ceteris
849 1613 970 1678 Mauris
992 1613 1039 1678 ita
1053 1620 1192 1698 separat,
1220 1621 1255 1677 ut
1276 1633 1340 1678 non
1356 1611 1486 1678 sedibus
1501 1621 1635 1698 tantum,
1662 1613 1832 1680 sedetiam

211 1734 342 1818 origine,
369 1733 518 1812 moribus,
546 1733 772 1817 superstitione
793 1734 876 1800 inter
898 1753 932 1798 se
956 1733 1057 1798 artius
1086 1754 1181 1816 quarn
1211 1733 1285 1797 aliis
1307 1754 1379 1798 cum
1402 1733 1521 1798 Mauris
1552 1735 1711 1800 coniuncti
1733 1735 1833 1801 fuisse

211 1855 389 1934 videantur.
415 1853 487 1917 Non
502 1854 663 1934 Antalam,
683 1854 923 1938 Byzacenornm
939 1873 1059 1936 regem,
1078 1873 1236 1917 summum
1252 1852 1366 1918 ducem
1379 1861 1564 1936 sequuntur,
1584 1855 1643 1921 sed
1656 1856 1760 1938 Icrna,
1780 1855 1842 1942 dci¹
1878 1911 1885 1924 ,

211 1975 322 2040 Gurzil
346 1975 496 2039 sacerdos
506 1975 563 2056 ²⁵),
598 1993 699 2057 eoque
727 1974 893 2040 interfecto
920 1975 1127 2056 Carcasan²⁶l
1154 1973 1358 2038 Marmaridis
1381 1973 1528 2039 omnibus
1551 1983 1690 2059 praeest.
1737 1975 1833 2041 Seor-

211 2116 280 2160 sum
297 2116 316 2160 a
331 2096 445 2160 ceteris
460 2095 581 2159 Mauris
604 2115 746 2179 pugnam
769 2102 801 2160 et
822 2096 979 2180 parantlil
1008 2100 1040 2158 et
1061 2093 1233 2174 ineunte).
1273 2094 1341 2158 Nec
1364 2094 1478 2159 ceteris
1501 2095 1622 2162 Mauris
1638 2135 1679 2144 -
1695 2096 1833 2181 Corippo

210 2216 238 2280 si
252 2215 348 2281 fidem
365 2215 520 2281 habemus
536 2253 576 2261 —
592 2214 717 2299 eadem,
744 2236 826 2297 qnae
842 2214 1055 2294 Marmaridis,
1079 2221 1147 2278 erat
1170 2221 1343 2278 castrorum
1366 2214 1609 2281 muniendorum
1624 2216 1832 2300 bellandique

210 2357 273 2401 ars.
320 2335 417 2420 Apud
439 2335 609 2419 Corippum
633 2336 719 2400 enim
741 2335 955 2400 Marmaridae
978 2335 1038 2399 soli
1061 2335 1203 2415 camelis,
1230 2335 1342 2417 bobus,
1369 2336 1538 2420 pecoribus
1561 2337 1720 2421 colligatis
1741 2338 1833 2402 vivos

209 2456 284 2521 illos
307 2429 480 2521 castrorum
503 2475 612 2520 muros
636 2462 837 2537 construunt,
869 2455 902 2520 in
929 2455 1046 2538 quibus
1068 2475 1219 2537 magnam
1242 2455 1393 2521 victoriae
1417 2456 1593 2540 salutisque
1616 2476 1706 2542 spem
1729 2458 1833 2523 Mauri

210 2578 374 2662 ponebant
382 2580 432 2659 29).
473 2573 576 2642 Maior
597 2576 706 2642 forsan
729 2574 911 2641 differentia
932 2575 1015 2640 inter
1034 2575 1244 2640 Marmaridas
1260 2576 1453 2658 Maurosque
1469 2577 1625 2644 occidenti
1646 2579 1751 2662 magis
1773 2579 1833 2644 soli

208 2697 360 2763 obnoxios
375 2704 553 2782 appareret,
575 2697 602 2762 si
618 2696 799 2762 accuratius
814 2697 994 2761 Maurorum
1012 2696 1184 2779 religiones
1206 2696 1418 2763 novissemus.
1458 2699 1592 2764 Constat
1613 2717 1691 2764 sane
1703 2700 1832 2764 Mauros

208 2838 319 2883 omnes
340 2820 528 2883 Ammonem
550 2836 709 2882 summum
736 2816 832 2882 deum
854 2817 994 2882 coluisse
1005 2817 1055 2898 30).
1110 2816 1174 2882 Sed
1198 2826 1373 2882 ceterorum
1397 2816 1545 2900 deorum,
1572 2839 1650 2902 quos
1674 2818 1832 2904 Corippus

208 2940 365 3019 nominat,
402 2938 506 3002 cultus
536 2943 641 3003 utrum
663 2937 749 3021 apud
771 2938 880 3001 omnes
906 2937 1034 3002 Mauros
1056 2957 1098 3002 an
1121 2935 1208 3021 apud
1230 2944 1353 3021 partem
1377 2944 1501 3004 tantum
1532 2939 1686 3022 viguerit,
1719 2959 1832 3024 parum

210 3060 409 3144 exploratum
432 3065 492 3124 est.
529 3061 575 3124 Ac
598 3057 727 3142 saepius
750 3056 880 3140 quidem
903 3057 1012 3142 paullo
1036 3057 1194 3141 ceteris³¹)
1216 3057 1327 3122 Garril
1343 3058 1434 3140 deus,
1460 3059 1625 3125 Ammonis
1640 3058 1736 3142 filius,
1762 3080 1833 3125 mc-

209 3187 359 3245 moratur.
407 3179 477 3244 Nec
492 3198 569 3244 casu
585 3178 704 3244 factum
720 3177 909 3263 putaverim,
934 3185 969 3243 ut
991 3177 1108 3260 ubique
1123 3177 1348 3260 Marmaridae,
1374 3199 1536 3263 nunquam
1552 3179 1656 3245 Mauri
1670 3180 1833 3263 Byzaceni

208 3299 419 3383 Zeugitanive
442 3299 526 3364 hunc
542 3298 637 3364 deum
653 3296 791 3363 coluisse
807 3297 964 3363 dicantur.
1004 3297 1231 3363 Marmaridum
1254 3319 1310 3363 rex
1325 3299 1420 3364 lerna
1443 3318 1565 3365 summo
1581 3300 1693 3365 Gurzil
1708 3300 1760 3366 dei
1776 3321 1831 3365 sa-

205 3419 346 3486 cerdotio
364 3419 508 3504 fungitur
516 3421 566 3500 ³²),
594 3418 710 3501 deique
726 3417 823 3483 huius
838 3417 1043 3483 simulacrum
1059 3439 1099 3483 ne
1121 3425 1193 3502 post
1208 3417 1332 3483 cladem
1355 3418 1484 3502 quidem
1507 3429 1671 3504 acceptam
1694 3421 1824 3502 deserit,

204 3541 262 3607 sed
284 3540 414 3624 fugiens
436 3559 544 3604 seeum
567 3539 695 3604 domum
718 3538 845 3603 auferre
867 3537 1090 3620 contendit³³).
1126 3538 1221 3604 Ierna
1242 3538 1408 3604 interfecto
1430 3559 1502 3604 eum
1520 3539 1629 3606 Gurzil
1653 3540 1706 3606 dei
1728 3541 1829 3607 simu·

203 3662 324 3726 lacrum
347 3682 367 3725 a
389 3660 541 3724 Romanis
564 3660 762 3724 combustum
786 3657 941 3740 esset³⁴),
975 3658 1056 3724 nihil
1085 3657 1248 3742 antiquius
1270 3659 1484 3726 Marmaridae
1511 3660 1651 3727 habuere
1674 3683 1769 3744 quam
1792 3668 1828 3728 nt

202 3780 406 3846 simulacrum
436 3785 593 3846 novarent
621 3780 738 3863 deique
766 3779 877 3845 violati
904 3779 1072 3844 maiestate
1094 3779 1146 3843 fisi
1175 3778 1267 3845 novis
1295 3779 1416 3846 viribus
1438 3781 1558 3846 bellum
1582 3790 1763 3866 repeterent
1773 3785 1823 3866 35).

201 3901 324 3980 Quibus
339 3901 506 3986 perpensis
521 3901 629 3965 nescio
644 3920 685 3964 an
702 3899 812 3964 Gnrnil
828 3898 923 3965 deum
939 3898 1166 3965 Marmaridum
1182 3899 1376 3984 peculiarem
1392 3900 1492 3966 fuisse
1509 3907 1649 3968 statuere
1666 3903 1822 3982 liceat³⁸].

287 4230 329 4292 24)
351 4231 413 4279 Ptol.
434 4229 470 4277 Ν
489 4228 519 4291 3,
540 4229 571 4279 21
590 4226 640 4280 ὑπὸ
659 4226 687 4278 δὲ
704 4225 763 4284 τοὺς
782 4222 930 4296 Νιγιτὶμους
957 4231 1009 4292 (qul
1028 4230 1095 4278 inter
1113 4229 1237 4281 Cinithios
1255 4237 1281 4278 et
1299 4229 1450 4292 Lotophagos
1468 4246 1483 4278 s
1500 4231 1598 4294 (linype
1617 4232 1692 4280 fluvio
1709 4233 1824 4279 occiden-

202 4322 251 4366 tem
271 4331 357 4365 versus
376 4317 454 4375 Syrtis
473 4330 537 4364 oram
557 4315 725 4376 recoluerunt)
747 4310 925 4379 Ἀστάκουρες.

287 4410 327 4472 25)
350 4411 402 4460 leh.
424 4407 526 4458 11109.
548 4407 661 4457 111591.
683 4407 742 4458 667.
765 4407 840 4458 1013.
865 4407 939 4458 1155.
963 4407 1037 4459 1161.

287 4504 327 4565 26)
349 4504 403 4552 loh.
423 4503 460 4551 Vl
480 4502 535 4554 143.

288 4600 328 4656 21)
350 4599 402 4648 loh.
422 4597 537 4647 111597.
558 4597 618 4648 619.

287 4695 329 4758 28)
349 4695 401 4744 loh.
423 4695 459 4742 Ν
478 4693 526 4743 621
546 4695 667 4756 proeesslt
684 4695 791 4754 geminis
809 4696 876 4742 acies
894 4694 1021 4741 Maurusia
1039 4695 1127 4755 signls.

286 4778 327 4854 23)
349 4790 401 4839 lob.
421 4787 575 4839 1193-99.
613 4788 813 4838 Ν531-618.
852 4790 984 4851 Procopius
1009 4791 1047 4837 bis
1065 4789 1142 4837 huius
1160 4790 1287 4851 pugnandi
1305 4791 1404 4850 generis
1422 4792 1574 4839 mentionem
1594 4791 1665 4839 fecit:
1692 4793 1716 4838 b.
1737 4792 1820 4841 Vand.

198 4877 254 4938 18,
274 4881 317 4926 ubi
336 4877 425 4936 (labro,
446 4875 586 4924 Maurorum
606 4876 757 4934 Syrticornm
776 4890 829 4933 rex,
850 4889 963 4937 magnam
981 4875 1012 4923 dc
1031 4875 1151 4923 Vandalis
1171 4877 1299 4924 victoriam
1318 4882 1454 4939 reportasse
1473 4882 1599 4938 narratur,
1621 4884 1646 4925 et
1664 4878 1689 4926 lI
1711 4876 1754 4940 ll,
1777 4879 1821 4927 nbi

199 4965 279 5014 Mauri
297 4964 419 5022 Byzseerri
438 4969 522 5010 eontra
541 4961 696 5010 Salomonem
716 4962 848 5010 molerem
868 4963 976 5023 gessisse
995 4963 1118 5010 feruntur.
1217 4971 1228 4994 ·

285 5059 325 5120 311)
348 5057 402 5104 Mon
422 5057 491 5104 modo
509 5056 683 5104 Marmaridum
702 5057 753 5104 dux
773 5055 893 5106 Osrcassn
915 5057 976 5120 (leh.
998 5057 1034 5104 VI
1054 5056 1209 5118 115-116),
1230 5057 1273 5106 sed
1291 5058 1397 5106 Antslae
1416 5071 1516 5120 qnoque
1534 5065 1605 5120 pater
1623 5057 1739 5106 Guenfan
1758 5060 1820 5106 Ant-

176 5139 180 5158 ¹
199 5146 279 5193 monis
297 5144 422 5192 oraculum
440 5143 491 5189 edit
511 5142 557 5202 (Ill
577 5140 630 5202 81).
1652 5137 1655 5144 “

284 5239 325 5302 31)
347 5238 488 5297 Mestlmen,
512 5235 620 5285 Sinlfere
639 5236 690 5284 loh.
713 5234 826 5285 Ν1181.
847 5236 907 5286 ost.
930 5237 990 5285 Vlll
1009 5235 1154 5287 aot-309.

284 5333 326 5396 32)
346 5333 399 5381 leh.
419 5333 445 5381 ll
465 5329 523 5380 109.
544 5331 580 5378 Ν
598 5329 658 5381 667.

285 5428 326 5492 33)
347 5430 400 5478 loh.
422 5428 458 5476 Ν
479 5426 673 5477 tres-1144..

285 5524 326 5585 31)
347 5523 399 5572 Ich.
421 5522 458 5570 Ν
480 5521 551 5572 1145,
575 5522 649 5572 1116.
671 5521 707 5570 Vl
727 5521 784 5572 116.

284 5618 324 5680 35)
346 5618 399 5667 Ioh.
420 5618 455 5665 Vl
475 5617 533 5667 2111.

284 5713 326 5773 36)
347 5712 457 5760 Tsuxier
476 5713 510 5760 La
523 5713 633 5773 rellglen
652 5713 696 5761 des
715 5716 836 5760 unreaux
855 5711 939 5760 divina
958 5725 989 5760 err
1009 5712 1115 5775 Afrfqne
1133 5713 1193 5760 llas.
1217 5713 1270 5760 Afr.
1291 5711 1354 5761 XXI
1373 5710 1438 5761 1817
1458 5726 1484 5774 p.
1507 5710 1650 5761 185-137.

1289 5845 1301 5880 ι
1571 5812 1613 5868 b*
