4576 6428
598 1257 756 1342 PASSIO
783 1259 1158 1344 transmutavit
1186 1251 1445 1343 natitavit

471 1467 537 1563 qui·
558 1467 654 1564 apud
681 1465 939 1566 Carthaginem
965 1472 1063 1568 passi
1092 1479 1174 1544 sunt
1201 1469 1267 1544 snb
1294 1493 1381 1566 rege
1407 1469 1579 1544 Hunirico

846 1617 891 1665 vr.
920 1592 1044 1666 Nonas
1070 1591 1195 1666 Iulias.

299 1759 324 1824 1.
361 1759 607 1825 Praedicaturus
635 1760 813 1846 triumphos
842 1768 1016 1845 martyrum
1045 1763 1209 1828 beatorum
1240 1763 1282 1828 ad
1311 1761 1492 1826 enarranda.
1519 1780 1602 1842 qnae
1635 1769 1727 1842 gesta
1759 1769 1834 1825 suut
1860 1764 1874 1823 1

182 1862 370 1928 sauxilium
394 1883 530 1948 exposco
554 1863 706 1946 divinum,
735 1871 770 1930 ut
791 1864 845 1948 qui
868 1864 935 1929 illis
957 1865 1117 1950 praestitit
1138 1863 1310 1949 superandi
1333 1864 1515 1940 victoriam,
1546 1863 1625 1928 mibi
1647 1862 1779 1946 indigno
1802 1871 1834 1928 et

214 1966 359 2032 inmerito
382 1966 675 2050 quantulacumque
697 1968 865 2033 verborum
888 1969 1031 2053 porrigat
1051 1956 1246 2034 ornamenta.
1295 1968 1386 2033 Tunc
1408 1968 1523 2033 etenim
1540 1967 1655 2033 valebo
1677 1988 1759 2050 quac
1776 1967 1834 2032 de·
1909 2049 1912 2054 1

213 2069 353 2135 siderate
376 2077 450 2135 sunt
470 2069 624 2152 indicare,
651 2069 679 2134 si
701 2069 763 2154 ipsi
786 2069 958 2154 dignentur
981 2092 1035 2156 pro
1058 2091 1108 2136 me
1131 2071 1246 2137 misero
1269 2071 1395 2135 domino
1418 2070 1609 2156 supplicare.

298 2173 342 2236 ll.
367 2173 530 2258 Septimus
545 2193 683 2256 namque
698 2173 855 2257 agebatur
870 2194 975 2239 annus
990 2174 1204 2240 crudelissimi
1220 2181 1314 2258 atque
1330 2173 1511 2258 impiissimi
1526 2175 1613 2258 regis
1629 2173 1783 2252 Hunirici,
1802 2181 1835 2238 et
1860 2177 1879 2236 2

214 2296 287 2341 eece
310 2276 460 2360 antiquus
483 2277 593 2356 bostis,
620 2283 808 2343 retemosus
823 2278 932 2359 utique
955 2279 1082 2362 anguis,
1108 2277 1248 2343 trisulcis
1271 2277 1404 2360 linguae
1418 2296 1543 2342 venena
1557 2277 1698 2360 vibrans,
1724 2278 1835 2361 Cyrila

165 2379 351 2461 rojqrmdam
374 2379 658 2445 Arriomanitarum
689 2380 837 2466 episcopo
867 2380 1012 2446 ministro
1043 2401 1119 2448 usus
1149 2389 1212 2464 est,
1247 2381 1436 2446 subvertens
1466 2389 1498 2446 et
1519 2381 1665 2446 obtinens
1694 2381 1834 2446 animum

214 2482 299 2565 regis
315 2483 447 2565 cruenti,
474 2489 509 2548 ut
522 2484 568 2548 ita
583 2481 744 2566 suaderet,
770 2503 943 2569 nonposse
959 2492 1195 2570 compacatam
1211 2491 1306 2568 atque
1322 2484 1513 2568 longaevum
1529 2484 1671 2550 obtinere
1687 2505 1831 2568 regnum,

213 2584 275 2650 nisi
298 2605 412 2651 nomeu
427 2587 576 2672 perderet
589 2587 804 2652 innocentum.
844 2586 907 2666 Qui
921 2594 1029 2653 tamen
1045 2588 1098 2653 dei
1114 2587 1232 2654 iudicio
1255 2595 1326 2672 post
1347 2607 1409 2652 non
1425 2588 1541 2652 multos
1558 2587 1628 2652 dies
1650 2587 1836 2672 turpissima

215 2695 313 2753 morte
346 2697 540 2774 praeventus
574 2698 701 2756 scatens
735 2690 897 2755 vermibus
927 2691 1111 2775 exspiravit
1160 2690 1314 2755 Iusectari
1345 2689 1450 2774 eoepit
1478 2709 1531 2755 ore
1557 2697 1687 2756 cruento
1709 2711 1834 2756 omnem
1863 2695 1881 2755 3

215 2791 441 2857 catholicorum
471 2793 726 2875 multitudinem,
760 2814 842 2876 quae
872 2814 930 2878 per
958 2801 1057 2860 totam
1087 2793 1284 2879 provinciam
1308 2791 1492 2857 Africanam
1521 2793 1556 2857 in
1579 2792 1722 2874 modum,
1756 2794 1838 2858 sicut

166 2893 411 2978 topraedictum
435 2903 484 2962 ost
504 2896 654 2963 Abrabae
677 2897 888 2980 patriarchae,
915 2896 1055 2962 harenae
1079 2896 1176 2962 maris
1198 2897 1303 2961 fuerat
1326 2895 1549 2980 multiplicata,
1576 2902 1610 2961 ut
1628 2916 1698 2962 eam
1722 2896 1838 2982 rebap-

214 2997 374 3063 tizationis
397 2999 556 3064 sauciaret
577 2999 746 3081 machera,
778 3006 874 3082 atque
898 3001 1013 3065 stolam
1035 3000 1126 3064 illam
1149 2999 1323 3083 singularis
1346 3005 1378 3064 et
1399 2999 1469 3083 puri
1492 2998 1711 3083 baptismatis,
1741 3019 1837 3080 quiam

213 3101 359 3167 Christus
381 3103 458 3168 vino
481 3103 587 3168 camis
611 3123 689 3168 suae
712 3103 893 3187 purificans,
920 3104 1009 3188 prelo
1033 3103 1214 3188 exprimens
1237 3104 1338 3168 crucis
1361 3102 1481 3167 iecerat
1496 3102 1691 3182 dealbatam,
1716 3100 1838 3168 taetrae

212 3204 390 3288 nigredinis
412 3213 555 3290 turparet
571 3206 693 3272 inluvie
716 3207 912 3272 sordulenta.
959 3205 1130 3290 decipiens
1153 3225 1277 3290 quoque
1299 3213 1465 3288 tyrannus,
1491 3212 1526 3270 ut
1548 3213 1617 3269 erat
1637 3204 1785 3269 docibilis
1808 3213 1841 3268 et

211 3306 316 3391 larus,
348 3309 563 3394 sementinam
592 3309 852 3393 suggestionem,
884 3309 1040 3376 feralibus
1063 3309 1178 3375 edictis
1201 3329 1264 3374 uno
1286 3316 1428 3394 tempore
1450 3315 1549 3373 totam
1571 3309 1676 3394 coepit
1697 3307 1838 3373 Africam

163 3433 194 3477 ru
214 3431 421 3478 commovere.
469 3412 574 3477 Primo
603 3413 803 3480 sacerdotum
834 3421 866 3478 et
887 3412 1102 3478 ministrorum
1126 3411 1376 3496 copiosissimam
1406 3418 1439 3477 et
1460 3411 1631 3476 maximam
1657 3412 1782 3477 turbam
1804 3411 1838 3474 in
1865 3420 1884 3478 4

214 3515 399 3598 longinquis
429 3523 463 3582 et
490 3517 641 3582 extremis
671 3517 855 3600 regionibus
883 3516 980 3582 exilio
1010 3515 1132 3582 erudeli
1162 3514 1306 3581 detrusit.
1354 3514 1478 3592 Quibus
1506 3515 1557 3580 bis
1586 3521 1715 3580 acutum
1738 3533 1839 3596 genus
1943 3519 1944 3522 ’

213 3619 382 3702 frumenti,
409 3620 494 3703 quod
516 3619 667 3687 iumentis
690 3621 768 3686 solis
791 3621 887 3688 edere
910 3639 1094 3686 concessum
1118 3626 1184 3700 est,
1216 3637 1418 3700 nequaquam
1449 3617 1607 3684 industria
1629 3617 1741 3682 molari
1764 3637 1840 3681 con-

125 3805 130 3814 ·
213 3723 340 3803 tritum,
375 3724 433 3789 sed
463 3732 612 3790 manente
643 3723 774 3790 furfuris
803 3725 917 3791 cortice
948 3723 1113 3790 loricatum
1143 3743 1200 3807 pro
1222 3721 1427 3788 miseratione
1450 3722 1520 3788 dari
1543 3720 1718 3807 praecepit.
1764 3721 1840 3784 Post

213 3845 305 3906 vero,
339 3833 501 3892 crescente
532 3827 707 3912 impietatis
736 3828 879 3910 insania,
912 3827 1010 3894 edam
1039 3827 1099 3892 boc
1127 3825 1245 3892 auferri
1273 3825 1514 3891 crudelissimus
1535 3823 1714 3908 imperavit.
1763 3825 1884 3891 Posti)

183 3953 195 3992 a
214 3930 374 3995 modicum
396 3950 522 4014 quoque
544 3930 696 4015 temporis
719 3931 885 3997 universas
908 3931 1003 3997 simul
1027 3930 1192 4013 ecclesias,
1218 3928 1447 4016 praeiudicatis
1463 3928 1701 3996 venerabilibus
1723 3927 1833 4013 portis,

214 4033 390 4099 momentis
412 4033 598 4116 ingentibus
621 4034 728 4100 claudi
751 4034 927 4100 mandavit.
966 4034 1123 4100 Vniversa
1139 4053 1275 4118 namque
1298 4033 1489 4100 monasteria
1511 4033 1649 4098 virorum
1671 4031 1723 4098 rel
1746 4031 1839 4115 puel-

216 4136 317 4202 larum
341 4144 524 4204 sanctarum
547 4138 732 4222 gentilibus,
758 4138 793 4203 id
815 4145 866 4204 est
887 4138 1018 4220 Mauris,
1045 4158 1116 4203 eum
1139 4137 1373 4203 habitatoribus
1397 4135 1507 4202 donari
1530 4134 1703 4221 praecepit.
1750 4135 1839 4200 Vnus

215 4240 275 4305 tuit
303 4241 450 4307 omnibus
479 4241 634 4324 eiulatus,
672 4261 755 4308 unus
784 4262 840 4327 pro
870 4242 996 4309 Christo
1025 4241 1181 4308 moriendi
1211 4241 1389 4324 integeret
1414 4242 1529 4325 plenus
1551 4241 1698 4306 affectus.
1744 4238 1838 4303 Paria

215 4346 384 4412 currebant
405 4344 537 4411 flumina
560 4345 780 4428 lacrimarum,
813 4346 891 4430 quia
916 4345 1104 4430 permiserat
1126 4344 1287 4440 dominus¹
1302 4344 1400 4410 cibari
1430 4363 1485 4410 eos
1515 4363 1598 4429 pane
1622 4341 1834 4425 lacrimarum,

286 4623 516 4674 ibertissiuroruru
534 4625 625 4674 usal
712 4626 851 4674 ,martirum
875 4625 893 4671 V
993 4625 1178 4686 terrugluam
1197 4623 1244 4671 BV
1341 4624 1388 4672 sub
1406 4624 1509 4685 imperio
1526 4636 1584 4684 rega
1603 4623 1723 4672 liunirleo
1741 4621 1771 4683 B,
1792 4623 1838 4670 sub

216 4711 328 4760 buulrlco
347 4724 405 4771 rega
426 4710 453 4772 V,
474 4711 522 4760 sub
540 4712 645 4773 imperio
664 4711 729 4772 mgis
746 4711 858 4760 bunerlei
879 4709 900 4758 t
1022 4710 1119 4759 3xou.
1141 4722 1193 4760 rua.
1215 4709 1270 4770 BV,
1292 4721 1354 4758 uox.
1374 4709 1431 4756 iulii
1452 4707 1473 4756 L
1480 4723 1489 4766 ‚·
1509 4711 1663 4770 buertptlone
1682 4713 1765 4758 canor
1785 4707 1838 4770 ap.-

215 4800 267 4846 cius
285 4799 338 4846 locu
357 4796 426 4846 lubet
441 4813 475 4860 p:
494 4797 589 4859 luciplt
605 4798 669 4845 liber
686 4803 790 4860 quatur
901 4796 1073 4859 ttriumpbos
1091 4796 1182 4845 ama
1285 4796 1415 4844 beatorum
1433 4795 1596 4857 martirump
1701 4796 1840 4854 idlgnan-

217 4893 292 4946 turp
395 4883 544 4933 Sbuneriei
563 4883 601 4946 [φ
619 4889 641 4932 et
659 4886 740 4944 uulgo·
839 4883 984 4932 iltrisulcis
1003 4883 1061 4930 ltV:
1086 4884 1183 4932 trisulci
1202 4882 1250 4946 Rp,
1272 4883 1389 4930 trisulcae
1408 4881 1430 4929 L
1447 4886 1470 4928 ct
1487 4882 1561 4943 cumo
1664 4883 1750 4943 lingua
1768 4880 1806 4943 Rp

216 4970 343 5030 cyriluli:
362 4971 450 5018 chirila
463 4971 539 5033 BLV,
559 4971 664 5031 eirllap
772 4969 801 5018 10
820 4970 926 5033 quodum
946 4970 984 5030 lp
1002 4975 1024 5017 et
1042 4971 1157 5019 eom-V:
1176 4967 1409 5032 quendamlllil'13
1429 4969 1488 5030 fort.
1509 4969 1630 5030 quondam
1735 4971 1839 5018 arriani-

216 5063 296 5105 turum
309 5057 340 5118 B,
361 5057 571 5106 Ariomsnitururu
583 5055 621 5104 cd.
637 5055 713 5106 Rata.
817 5054 1031 5118 episcopocum
1136 5054 1166 5104 1³
1185 5056 1312 5118 explruult
1326 5053 1386 5116 Lllp
1494 5054 1523 5103 15
1541 5054 1699 5104 bsbrabael'
1794 5056 1840 5104 bu-

217 5142 405 5203 renacBRVp:
424 5143 666 5202 monasteruutpo
770 5137 963 5207 earn]etlsu1lt
1070 5141 1100 5190 lli
1118 5140 1274 5190 sautiaretl'
1377 5141 1490 5189 machera
1505 5143 1569 5188 mei:
1588 5140 1713 5188 mabsara
1731 5143 1805 5201 uutpo

219 5228 248 5277 tr
268 5231 327 5278 uluo
346 5241 391 5277 sue
410 5229 526 5290 curnisp
629 5227 699 5294 prelo
712 5227 759 5289 Rp,
779 5229 863 5289 proclo
875 5228 929 5289 BV,
950 5228 1057 5290 prudoL
1161 5227 1277 5276 suaratlt
1379 5225 1497 5274 tterrelt
1602 5225 1632 5274 18
1650 5227 1808 5294 inluuieBV

217 5315 387 5364 sordiduienta
406 5314 426 5361 t
548 5314 663 5363 docibilis
682 5314 720 5362 R.-
745 5314 860 5363 ducibllis
879 5314 955 5376 BLV,
980 5315 1066 5364 duellis
1083 5331 1101 5377 p
1223 5312 1256 5363 20
1274 5314 1300 5361 ln
1319 5313 1466 5375 longinquus
1484 5319 1511 5360 et
1528 5318 1652 5361 extremas
1670 5315 1782 5373 regiones
1800 5314 1837 5363 at.

219 5401 275 5451 lor.
290 5402 398 5462 duulpo
502 5400 674 5450 asseramur
779 5401 897 5450 molarum
916 5399 955 5461 up
1058 5403 1193 5449 contritum
1211 5413 1259 5450 om.
1277 5399 1314 5460 Rp
1418 5397 1452 5448 23
1470 5399 1603 5448 loricatum
1621 5398 1678 5447 BV¹
1782 5401 1840 5450 dare

218 5488 239 5536 t
343 5486 377 5537 26
394 5489 515 5536 commuta
534 5487 619 5549 BLRp
723 5488 832 5536 rriroruur
850 5486 1033 5536 monummt
1136 5486 1168 5536 tt
1188 5488 1306 5547 gentibus
1319 5484 1357 5546 Lp
1463 5485 1548 5534 douarl
1561 5483 1615 5544 Rp:
1635 5486 1726 5536 donare
1739 5487 1809 5536 BLV

217 5577 250 5626 29
268 5578 335 5638 pune
352 5576 388 5634 135
416 5577 482 5623 lucus
500 5580 613 5636 sumptas
631 5579 665 5622 est
683 5588 711 5621 ea
730 5573 823 5623 Psalm.
844 5576 885 5634 79,
905 5576 937 5619 6.·
965 5574 1058 5622 cibabis
1077 5587 1121 5622 nos
1139 5587 1205 5634 panc
1223 5575 1379 5622 lacrimarum
1399 5578 1424 5622 at
1441 5577 1529 5634 potum
1548 5571 1617 5621 dubls
1635 5575 1708 5622 nobis
1726 5575 1752 5624 lu
1770 5576 1842 5624 lacri-

218 5666 266 5712 mis
283 5663 309 5712 ln
329 5665 463 5710 mensura?

1595 5763 1633 5813 Β.
