4462 6436
721 397 760 454 IN
778 398 937 460 LAVDEM
956 401 1099 462 IVSTINI
1117 403 1188 460 LIB.
1209 404 1261 461 111.

561 584 728 654 intulimus
750 591 882 658 bellum.
929 613 1004 678 pars
1027 595 1130 662 altera
1153 603 1259 666 casua
1280 595 1408 664 locavit.

561 689 749 760 miscuimus
771 715 914 780 pugnas,
941 698 1081 764 munitas
1103 699 1247 784 cepimus
1269 699 1383 782 urbes,

560 791 715 878 firmaque
738 796 875 883 diruptis
898 799 1074 867 deiecimus
1096 802 1215 887 oppida
1237 802 1347 868 muris.

561 916 644 964 nunc
666 898 753 984 ripas
775 900 918 986 Scythici
940 904 1040 970 victor
1062 924 1119 970 rex
1141 905 1274 989 contigit
1295 905 1387 989 Istri,

561 999 726 1086 densaque
748 1006 910 1088 perlatos
933 1005 1036 1090 figens
1058 1007 1195 1074 tentoria
1217 1027 1348 1093 campos

559 1102 603 1170 ad
624 1111 682 1171 tua
702 1126 775 1188 nos,
801 1109 968 1194 princeps,
994 1111 1075 1176 hacc
1097 1110 1270 1197 splendida
1292 1111 1418 1180 moenia
1439 1111 1537 1176 misit.

558 1227 667 1274 annua
689 1211 851 1295 praelargi
871 1212 972 1297 patris
995 1213 1117 1282 solacia
1139 1215 1237 1282 vostri

560 1331 686 1379 sumere
709 1321 835 1400 tempus
858 1315 961 1382 adest.
1010 1325 1139 1384 sanctus
1161 1338 1244 1402 quae
1265 1319 1414 1403 praebuit
1435 1318 1510 1400 illo,

416 1433 421 1444 ·
451 1433 463 1471 ⁵
559 1435 616 1480 vos
638 1417 735 1483 etiam
757 1419 912 1503 praebere
936 1419 1038 1487 decet.
1086 1421 1114 1486 si
1137 1421 1269 1488 foedera
1290 1422 1378 1506 pacis

558 1517 747 1588 intemerata
769 1521 845 1604 tibi,
872 1523 900 1588 si
922 1524 1026 1590 mavis
1048 1532 1143 1609 pacta
1165 1545 1312 1607 manere,

557 1621 668 1690 debita
689 1625 855 1706 quaerenti
878 1628 1075 1694 transmittes
1098 1649 1231 1695 munera
1253 1628 1349 1712 regi'.

642 1728 724 1793 talia
744 1729 935 1814 iactantem,
961 1732 1052 1797 nulla
1074 1739 1248 1799 commotus
1269 1733 1303 1798 in
1325 1732 1391 1814 ira,

556 1831 748 1914 banquillus
771 1833 919 1918 princeps
941 1835 1044 1900 oculis
1066 1835 1187 1920 pictate
1210 1835 1332 1902 serenis

555 1935 683 2017 aspexit
703 1935 871 2016 iuvenem,
896 1937 1088 2021 placidoque
1110 1938 1191 2005 baec
1214 1938 1318 2006 edidit
1340 1959 1404 2004 ore.

558 2037 728 2120 ‘quantum
751 2046 801 2105 est
822 2039 940 2124 legatis
962 2059 1114 2108 concessa
1135 2041 1268 2108 licentia
1290 2040 1397 2122 fandi,

553 2145 676 2206 tantum
698 2142 824 2226 legatos
846 2143 952 2209 animo
974 2144 1070 2212 dccet
1091 2163 1163 2212 csse
1186 2144 1348 2212 modestos

553 2248 586 2307 et
607 2243 692 2310 vitae
715 2246 872 2330 probitate
894 2267 1026 2332 graves3
1053 2248 1171 2333 quique
1193 2247 1304 2314 ordine
1327 2248 1450 2331 possint

553 2346 634 2412 scire
656 2347 735 2416 locis
758 2350 896 2418 humiles
917 2351 1033 2434 quibus
1056 2352 1226 2435 atquibus
1248 2370 1304 2418 ora
1326 2350 1456 2436 superbi

552 2451 744 2537 expediant,
770 2461 974 2538 nostramque
996 2462 1109 2541 petant
1129 2455 1215 2540 quod
1237 2455 1362 2538 mitiget
1383 2455 1481 2537 barn,

551 2555 808 2641 prospiciantque
831 2578 910 2624 suae
933 2565 1101 2643 poscentes
1122 2558 1254 2625 foedera
1277 2558 1374 2624 vitae.

551 2657 635 2738 quod
657 2666 713 2724 tua
734 2661 876 2728 ventosis
897 2660 1009 2728 inflata
1031 2662 1182 2746 superbia
1203 2661 1311 2728 verbis

549 2759 689 2846 iactitat,
715 2763 855 2847 ignavae
877 2766 993 2832 mentis
1017 2764 1174 2832 deformia
1197 2764 1309 2831 nudat.

550 2865 627 2947 qnid
649 2867 801 2952 profugos
824 2868 957 2952 laudas,
984 2869 1134 2952 famaque
1156 2867 1287 2936 adtollis
1309 2867 1398 2934 inani
1516 2956 1519 2962 ,

422 2987 427 3002 ·
549 2974 706 3036 extorrem
728 2972 904 3056 populum?
947 2992 1030 3054 quae
1053 2971 1148 3038 fortia
1169 2991 1271 3054 regna
1293 2970 1436 3055 subegit,

549 3071 649 3138 effera
669 3093 751 3157 gens
773 3075 913 3144 Avarum
937 3075 1082 3161 proprias
1105 3074 1280 3143 defendere
1302 3083 1404 3141 terras

546 3194 609 3238 non
632 3177 752 3261 potuit,
778 3178 936 3262 sedesque
959 3198 1034 3246 suas
1057 3179 1196 3263 fugitiva
1217 3178 1357 3263 reliquit.

547 3284 580 3343 tu
603 3280 693 3346 velut
711 3281 836 3363 ,ignaris
858 3282 952 3350 falsis
975 3282 1154 3350 rumoribus
1176 3283 1278 3350 audes

546 3399 630 3446 vana
652 3383 757 3466 loqui,
782 3385 930 3470 turpique
952 3385 1028 3452 dolo
1050 3405 1134 3452 nova
1156 3385 1281 3452 somnia
1303 3384 1409 3470 fingis.

546 3485 631 3566 quod
652 3486 711 3553 tibi
733 3508 817 3554 nunc
838 3489 944 3555 visum
965 3496 1016 3556 est
1037 3497 1142 3555 vestro
1164 3489 1337 3574 adsignare
1359 3489 1479 3572 labori,

546 3588 701 3656 militibus
723 3591 841 3658 nostris
862 3592 940 3658 ludo
963 3593 1046 3660 solet
1066 3612 1140 3660 esse
1162 3593 1287 3660 diurno.

432 3737 435 3744 -
544 3691 605 3758 hoc
626 3693 766 3762 studium
789 3695 944 3779 dominis,
970 3717 1011 3763 ea
1033 3703 1108 3764 sunt
1129 3716 1188 3764 sua
1210 3697 1295 3766 seria
1317 3697 1430 3764 servis.

544 3804 688 3864 sanctum
710 3797 770 3864 hoc
791 3798 960 3884 imperium
982 3807 1047 3868 toto
1070 3801 1117 3868 sic
1139 3799 1245 3868 floruit
1266 3801 1359 3882 orbe,

543 3897 631 3966 bella
652 3919 769 3983 gerens
792 3921 968 3987 pacemque
990 3909 1095 3970 tuens.
1142 3923 1200 3970 nos
1222 3923 1309 3968 more
1331 3909 1498 3988 parentum

544 4023 655 4086 pacem
678 4003 859 4088 diligimus,
885 3989 1058 4090 numqubm
1081 4006 1151 4073 fera
1172 4007 1259 4074 bella
1281 4006 1440 4072 timemus.

543 4127 607 4191 pax
629 4114 680 4174 est
701 4108 872 4192 subiectis,
898 4093 1037 4194 pereunt
1055 4130 1112 4196 per
1134 4110 1223 4176 bella
1244 4109 1384 4194 superbi.

542 4211 703 4295 parcimus
724 4211 887 4296 innocuis,
913 4214 997 4280 sonti
1018 4234 1083 4284 non
1103 4213 1265 4299 parcimus
1288 4212 1358 4278 ulli.

542 4334 594 4380 res
616 4316 761 4383 Romana
783 4316 836 4382 dei
859 4323 925 4399 est,
952 4317 1087 4384 terrenis
1109 4337 1174 4384 non
1195 4325 1271 4400 eget
1292 4317 1401 4386 armis.

541 4417 611 4484 iure
633 4419 686 4504 pio
708 4419 803 4486 vivit:
830 4420 950 4488 bellom
972 4441 1036 4488 non
1058 4421 1177 4505 ingerit
1197 4421 1298 4503 ultro,

432 4545 445 4583 u
541 4521 675 4608 suscipit
694 4523 842 4590 inlatum.
889 4524 942 4590 vel
965 4525 993 4589 si
1016 4525 1136 4591 servire
1158 4525 1323 4609 negabunt

539 4623 687 4708 ingratae
709 4634 840 4710 gentes,
866 4627 1004 4712 primum
1025 4635 1133 4694 tamen
1154 4627 1306 4694 admonet
1328 4628 1437 4693 hostes

540 4749 627 4795 more
649 4729 861 4814 gubernandi.
909 4732 1048 4797 monitus
1070 4731 1126 4814 qui
1149 4730 1284 4816 suscipit
1304 4731 1401 4814 istos,

539 4833 620 4898 vivit
641 4840 674 4899 ct
694 4855 715 4899 a
736 4834 828 4900 nobis
851 4834 981 4901 meritos
1004 4840 1153 4920 expectat
1175 4834 1322 4900 honores.

539 4937 684 5022 quisquis
707 4945 795 5004 amat
816 4958 944 5023 pacem,
969 4943 1057 5004 tutus
1080 4938 1140 5004 sub
1163 4957 1243 5022 paee
1266 4937 1425 5005 manebit:

395 5061 442 5102 uro
539 5041 647 5124 etqui
669 5041 757 5108 bella
778 5043 907 5124 volunt,
933 5041 1090 5108 bellorum
1113 5040 1207 5108 clade
1229 5040 1388 5126 peribunt.

219 5234 268 5284 291
281 5250 338 5299 pras
351 5239 362 5284 l
375 5251 421 5298 m.‚
435 5247 491 5297 pars
504 5237 564 5283 tm.
579 5231 608 5280 Μ
704 5232 755 5282 299
768 5233 890 5297 disruptis
904 5232 932 5280 Μ
1024 5233 1075 5284 999
1088 5235 1169 5282 solticl
1184 5231 1213 5280 Μ
1305 5234 1365 5284 lstrl
1377 5231 1450 5294 bots,
1464 5234 1511 5282 atri
1525 5231 1561 5294 Μ,
1575 5236 1634 5282 astri
1645 5236 1703 5296 leptt
1714 5236 1779 5286 italo

152 5321 248 5384 (sorsum
260 5325 286 5370 fn
298 5323 377 5372 codice
393 5321 423 5382 0)
524 5319 575 5369 994
593 5326 677 5369 sanate
692 5321 768 5382 1999.
869 5318 916 5369 907
937 5319 1022 5368 deutra
1035 5324 1047 5367 1
1062 5335 1108 5382 m.‚
1130 5317 1334 5369 dealbatura
1418 5321 1574 5368 transmittes
1585 5323 1681 5384 scripsi,
1696 5327 1777 5370 trans·

132 5429 135 5440 ·
150 5412 221 5458 mitte
234 5407 270 5471 Μ,
283 5409 449 5458 transmittite
461 5408 520 5468 lcplt
531 5407 604 5470 Rata,
619 5407 782 5456 transmittite
795 5407 905 5467 Dcrnpst.
994 5405 1044 5455 908
1057 5408 1083 5454 ln
1097 5405 1131 5465 Μ,
1147 5407 1177 5454 ab
1190 5405 1246 5454 Br'o.
1339 5404 1389 5454 912
1402 5405 1526 5454 modestos
1539 5403 1575 5466 Μ,
1588 5407 1671 5456 littero
1684 5421 1696 5454 s
1708 5421 1777 5456 moso

148 5495 198 5545 313
216 5490 683 5559 proultatalm.,probltatetm.frf
785 5490 834 5541 314
852 5491 1304 5551 imtruua,1ocurm.,1ocos2m.
1322 5490 1350 5538 M
1435 5491 1616 5554 stimulauit
1702 5507 1777 5555 supe-

150 5579 538 5646 rnislm.,superbls9m.fd
640 5578 691 5628 919
708 5579 890 5636 iactitatlru„
906 5577 1118 5628 taetitathM
1221 5577 1272 5628 922
1291 5577 1438 5638 fugltlbrltf
1540 5577 1590 5626 329
1609 5577 1777 5638 lguartsMet

145 5685 231 5730 usurpo
243 5669 315 5730 Rota,
330 5671 433 5728 ignaros
443 5667 507 5716 Ruta
519 5666 557 5724 (cr
570 5666 599 5729 O)
681 5664 730 5714 921
743 5679 789 5712 sna
798 5665 863 5711 seria
874 5663 910 5725 M,
924 5667 1034 5736 suasoria
1045 5663 1181 5715 Mommsen
1258 5663 1307 5712 995
1322 5666 1447 5723 negabunt
1458 5664 1491 5724 Μ,
1508 5671 1631 5726 negarunt
1642 5665 1776 5714 Mormusea

148 5754 198 5804 996
216 5763 282 5803 ostes
296 5753 325 5800 Μ
421 5753 470 5802 991
489 5752 640 5802 tuuernandi
652 5753 759 5799 monitos
773 5754 785 5798 1
799 5765 845 5808 m.‚
860 5751 1013 5809 gubernandi
1027 5753 1137 5799 monitus
1150 5754 1210 5800 tm.
1227 5749 1255 5798 Μ
1352 5749 1402 5798 939
1420 5755 1513 5798 toturl
1529 5766 1574 5810 m.‚
1589 5756 1661 5798 tutus
1673 5753 1689 5798 2
1701 5766 1734 5798 m.
1750 5750 1778 5798 Μ

226 5853 242 5896 0
244 5865 346 5896 ooooo
1535 5853 1566 5903 19
