4576 6428
450 420 490 482 60
1195 415 1324 480 PASSIO

403 608 423 668 6
449 616 481 674 et
502 609 606 694 potari
636 629 692 676 eos
720 607 753 674 in
783 608 923 674 lacrimis
953 608 985 673 in
1012 629 1179 690 mensura,
1211 617 1267 674 ant
1296 608 1430 675 forsitan
1459 610 1527 676 sine
1556 629 1716 676 mensura.
1762 609 1852 676 Etsi
1875 617 2000 695 reperta
2022 615 2072 676 est

448 712 561 778 exiens
590 713 631 779 de
660 733 735 778 arca
763 712 891 778 inhians
921 712 1131 778 cadaveiibus
1153 713 1284 778 mortuis
1307 733 1381 798 pars
1403 714 1513 796 aliqua
1534 715 1734 799 pereuntium
1756 734 1938 794 corvorum,
1971 713 2073 778 maior

449 822 626 881 esttamen
648 817 681 880 in
704 814 831 882 nomine
853 815 1006 880 trinitatis
1029 835 1180 881 numerus
1202 815 1344 881 felicium
1367 818 1595 883 columbarum.
1635 818 1752 898 Quanti
1768 818 1894 883 nobiles
1909 823 1941 882 et
1956 817 2069 901 optimi

449 919 525 999 viri,
555 921 654 1005 ampli
677 928 709 985 ct
731 919 787 984 lati
811 919 963 1004 caespitis
986 918 1116 1000 domini,
1141 926 1257 984 terram
1281 940 1353 985 eum
1376 922 1466 986 caelo
1490 928 1761 987 commutaverunt
1783 927 1816 986 et
1837 920 1932 985 simul
1955 938 2070 1004 corpus

448 1043 519 1086 cum
542 1024 721 1090 substantia
741 1023 950 1104 tradiderunt,
976 1029 1073 1106 atque
1089 1022 1246 1088 delicatae
1268 1031 1301 1088 et
1323 1023 1542 1089 nobilissimae
1566 1025 1704 1090 feminae
1720 1030 1829 1089 contra
1844 1023 2070 1088 verecundiam
2093 1045 2105 1082 a

449 1133 582 1193 naturae
609 1135 774 1213 spectante
797 1126 894 1210 vulgo
917 1126 1016 1208 virgis
1046 1146 1160 1192 caesae
1184 1126 1345 1208 variisque
1371 1127 1535 1193 tormentis
1558 1127 1733 1210 cruciatae,
1767 1127 1910 1193 victricia
1938 1125 2071 1211 trophea

448 1235 625 1313 portarunt!
653 1231 763 1314 quanti
784 1229 936 1296 infantuli
957 1229 1133 1296 inridentes
1156 1229 1261 1295 edicta
1283 1229 1398 1295 feralia
1412 1237 1486 1296 ante
1501 1229 1655 1295 mundum
1671 1236 1939 1315 contempserunt,
1964 1229 2073 1314 prins-

448 1352 543 1416 quam
567 1333 798 1400 inlecebrosam
822 1334 892 1399 eius
914 1333 1062 1399 semitam
1084 1333 1265 1399 introirent!

405 1471 423 1532 7
536 1471 596 1537 III.
621 1474 712 1538 Tunc
735 1471 929 1557 adprehensi
951 1477 1025 1537 sunt
1047 1478 1079 1536 et
1101 1477 1222 1554 septem
1246 1472 1371 1552 fratres,
1397 1479 1550 1554 quantum
1570 1459 1713 1537 'continet
1729 1470 1772 1536 ad
1794 1471 1995 1538 concordiam
2012 1470 2071 1536 do-

449 1573 587 1640 minicae
603 1575 777 1655 servitutis,
804 1575 836 1639 in
859 1574 1051 1640 monasterio
1074 1572 1257 1639 habitantes
1278 1574 1313 1638 in
1335 1593 1443 1656 unum,
1470 1575 1547 1658 quia
1560 1575 1678 1640 bonnm
1702 1581 1751 1640 est
1769 1581 1801 1639 et
1816 1574 1987 1640 iucundum
2011 1575 2070 1639 ha·
2093 1597 2122 1635 ru

450 1677 552 1742 bitare
575 1679 690 1744 fratres
711 1678 745 1743 in
768 1699 882 1744 unum:
908 1677 1014 1742 idest
1036 1677 1215 1743 Bonifatius
1238 1676 1402 1756 diaconus,
1429 1677 1548 1742 Servus
1571 1678 1797 1760 subdiaconus,
1823 1679 1972 1743 Rusticus
1996 1679 2072 1744 snb-

450 1779 614 1863 diaconus,
634 1783 802 1848 Liberatus
817 1781 913 1862 abba,
931 1781 1074 1862 Rogatus
1090 1780 1274 1862 monachus,
1294 1780 1455 1865 Septimus
1471 1781 1646 1846 monachus
1661 1789 1694 1846 et
1708 1782 1868 1846 Maximus
1883 1781 2068 1859 monachus,

450 1883 482 1947 in
505 1904 636 1950 numero
659 1886 782 1952 scilicet
796 1884 1081 1966 Macchabaeorum
1104 1904 1338 1967 germanorum,
1364 1903 1444 1965 quos
1467 1904 1530 1949 nna
1551 1891 1653 1950 mater
1674 1885 1813 1951 ecclesia
1835 1883 1992 1950 catholica
2013 1903 2072 1966 ge-

450 1995 564 2054 nuerat
586 1995 618 2054 θῖ
639 1989 842 2074 perviscera
864 1987 961 2054 fontis
983 1987 1107 2052 aeterni
1130 1988 1301 2053 salubriter
1328 1994 1513 2072 pepererat,
1547 1987 1587 2053 de
1616 1986 1773 2055 territorio
1797 1987 1971 2072 Capsensis
1993 1987 2074 2052 civi-

449 2091 541 2172 tatis,
575 2093 625 2157 cni
648 2092 786 2176 praefuit
816 2098 946 2157 sanctus
970 2090 1201 2171 vindemialis,
1234 2090 1384 2156 sacerdos
1412 2090 1564 2174 egregins
1593 2098 1626 2156 et
1647 2090 1766 2156 Christi
1795 2090 1901 2156 fidelis
1923 2090 2067 2156 antistes.
2093 2113 2123 2152 ss

405 2196 424 2256 8
451 2193 512 2272 Qui
534 2195 670 2260 adtracti
692 2195 734 2260 ad
758 2196 868 2262 urbem
891 2192 1206 2278 Carthaginiensem,
1240 2193 1341 2278 primo
1370 2193 1418 2258 eis
1445 2194 1654 2259 inlecebrosis
1683 2193 1911 2260 blandimentis
1940 2213 2072 2277 serpens
2115 2215 2120 2224 ·

451 2297 551 2363 voluit
572 2298 713 2382 sibilare,
740 2299 926 2384 promittens
948 2297 1083 2363 honores
1106 2296 1243 2362 caducos
1265 2303 1298 2361 et
1320 2296 1450 2363 divitias
1472 2297 1650 2381 ingentium
1673 2298 1872 2382 voluptatum
1895 2317 2017 2363 necnon
2039 2305 2073 2362 et

451 2401 536 2485 regis
559 2401 716 2468 amicitias
739 2402 791 2467 vel
812 2402 879 2467 alia
901 2402 1013 2482 multa,
1039 2421 1122 2484 quae
1138 2399 1473 2485 solentinsipientium
1488 2401 1613 2466 animas
1635 2407 1814 2485 aucupante
1837 2400 1967 2466 diabolo
1982 2401 2069 2465 visco

450 2503 607 2570 mundiali
623 2512 762 2590 captare.
804 2505 869 2571 Sed
891 2506 971 2570 haec
993 2505 1099 2569 omnia
1121 2503 1239 2568 milites
1262 2502 1315 2568 dei
1337 2504 1406 2568 acsi
1421 2503 1569 2588 contagia
1591 2511 1789 2590 respuerunt,
1816 2505 1993 2569 clamantes
2010 2524 2071 2568 uno

451 2629 522 2672 ore:
556 2628 638 2674 unus
660 2608 826 2690 dominus,
853 2609 1035 2688 uscidae,
1062 2627 1160 2673 unum
1183 2607 1352 2691 baptisma.
1400 2606 1469 2672 Nec
1498 2607 1615 2692 poterit
1635 2608 1669 2673 in
1690 2607 1782 2672 nobis
1811 2608 1985 2674 adiuvante
2014 2606 2072 2672 dc
2091 2627 2122 2669 so

450 2710 536 2776 mino
558 2711 677 2794 iterari,
702 2712 789 2794 quod
810 2712 843 2777 in
866 2719 975 2778 sancto
998 2710 1168 2794 evangelio
1191 2711 1290 2776 semel
1315 2717 1521 2795 praeceptum
1537 2719 1585 2776 θεῖ
1600 2710 1686 2776 dari:
1712 2712 1788 2793 quia
1803 2711 1858 2794 qui
1873 2712 1973 2776 semel
1988 2711 2072 2776 lotus

450 2822 509 2896 est,
535 2835 597 2881 non
620 2815 719 2882 habet
739 2834 872 2881 necesse
894 2814 1010 2880 iterum
1033 2813 1146 2894 lavari,
1172 2812 1248 2896 quia
1269 2813 1408 2878 mundus
1430 2821 1480 2880 est
1501 2821 1597 2879 totus.
1645 2815 1755 2881 Facite
1778 2814 1864 2898 qnod
1885 2815 1994 2896 vultis,
2020 2814 2072 2878 in-

451 2915 531 2982 ferte
553 2937 674 3002 poenas
698 2917 880 3002 corporibus
910 2915 1043 2982 nostris:
1077 2915 1193 2980 melius
1222 2923 1272 2982 est
1298 2917 1486 3001 temporalia
1511 2917 1554 2983 ad
1578 2917 1734 2983 modicum
1757 2919 1890 2983 sufferre
1914 2918 2073 3002 supplicia

450 3040 545 3102 quam
569 3028 701 3087 aeterna
723 3021 863 3105 pendere
886 3027 919 3085 et
940 3019 1048 3084 subire
1070 3024 1236 3084 tormenta.
1283 3020 1407 3086 Habete
1430 3041 1512 3102 qnae
1535 3021 1727 3105 promittitis,
1754 3043 1824 3086 cnm
1849 3021 1927 3106 ipsis
1949 3021 2073 3086 diuitiis

450 3129 522 3206 post
543 3124 710 3208 paululum
732 3123 876 3208 perituri.
917 3122 1017 3187 Nobis
1032 3142 1108 3187 vcro
1131 3122 1240 3188 nullus
1263 3122 1304 3188 de
1326 3123 1472 3208 postibus
1495 3123 1645 3190 frontium
1668 3124 1788 3190 valebit
1809 3126 1959 3190 evellere.
1985 3123 2070 3207 quod
2091 3144 2122 3186 as

449 3226 481 3290 in
504 3247 567 3292 uno
589 3227 781 3312 baptismate
804 3225 921 3293 artifex
943 3225 1094 3290 trinitatis
1117 3223 1268 3308 dignatus
1292 3235 1341 3292 est
1362 3227 1505 3293 titulare.

402 3372 421 3431 9
534 3363 588 3428 IV.
614 3363 700 3444 Quid
722 3364 846 3429 multa?
883 3362 966 3427 Dum
989 3362 1047 3427 tali
1070 3361 1249 3428 constantia
1272 3362 1427 3428 divinitus
1456 3363 1672 3446 munirentur,
1702 3365 1783 3429 iussi
1814 3371 1888 3429 sunt
1917 3365 2069 3429 carcerali

446 3467 610 3533 custodiae
633 3466 825 3552 mancipari,
860 3465 960 3531 etita
982 3465 1145 3531 crudelius
1167 3467 1289 3531 onerati
1313 3465 1388 3531 ferri
1411 3466 1605 3552 ponderibus
1626 3468 1805 3533 tenebrosis
1828 3467 1972 3553 deputati
1995 3476 2070 3533 sunt

446 3569 543 3652 locis,
576 3571 631 3636 ubi
660 3571 751 3635 nulla
780 3568 943 3634 miseratio
972 3566 1133 3633 adriderct
1163 3568 1314 3635 lenitatis.
1363 3569 1428 3636 Sed
1450 3571 1588 3655 populns
1610 3570 1666 3635 ille
1689 3579 1881 3637 memoratae
1905 3572 2008 3652 urbis,
2035 3572 2067 3636 in

446 3672 573 3737 domino
597 3693 723 3758 semper
745 3671 860 3750 fidelis,
891 3671 966 3737 dato
987 3691 1118 3737 munere
1141 3671 1328 3736 carcerariis
1351 3671 1403 3737 die
1426 3692 1465 3736 ac
1486 3679 1577 3737 nocte
1600 3673 1717 3739 Christi
1739 3681 1896 3758 martyres
1919 3673 2069 3758 frequen·
2090 3697 2120 3737 ao

444 3776 544 3855 tabat,
571 3783 603 3841 et
624 3777 671 3842 ita
692 3777 734 3841 ab
756 3776 804 3841 eis
827 3776 970 3842 doctrina
992 3782 1024 3840 et
1046 3775 1161 3840 virtius
1184 3774 1257 3839 fidei
1282 3776 1499 3858 roborabatur,
1525 3784 1560 3841 ut
1581 3777 1659 3841 talia
1674 3777 1771 3843 etiam
1794 3778 1857 3863 ipsi
1873 3799 1929 3863 pro
1945 3777 2063 3844 Christi

444 3879 571 3945 nomine
594 3881 691 3964 plena
712 3878 925 3945 delectatione
947 3878 1087 3964 perferre
1110 3885 1262 3962 cuperent
1284 3886 1317 3944 ct
1338 3880 1454 3964 capulo
1476 3881 1697 3963 persequentis
1720 3880 1829 3946 facilis
1851 3883 2066 3966 subponerent

379 3990 418 4048 tii
444 3983 538 4048 colla.
585 3983 653 4048 Hoc
675 3989 781 4048 autem
804 3984 987 4066 tyrannicas
1009 3982 1155 4066 pervenit
1182 3982 1225 4047 ad
1253 4002 1363 4048 aures:
1397 3983 1452 4065 qui
1481 3984 1635 4048 ebrictate
1662 3984 1777 4048 furoris
1798 4004 1952 4050 accensus
1975 3985 2064 4049 iubet

443 4107 498 4152 eos
520 4086 625 4152 adhuc
647 4085 800 4151 inauditis
822 4086 988 4171 suppliciis
1009 4085 1099 4168 adigi
1129 4095 1162 4152 et
1190 4085 1364 4151 maioribus
1387 4086 1523 4152 vinculis
1546 4087 1687 4164 onerari,
1719 4109 1897 4171 navemque
1927 4089 2063 4172 imperat

547 4343 569 4345 --
577 4341 635 4348 ..4-
660 4341 662 4346 .
670 4341 682 4346 ..
692 4341 858 4348 ῌ--ι--μ

513 4519 691 4571 iinmeusnrd
710 4521 740 4580 B,
760 4533 933 4570 mensurarum
948 4519 967 4567 L
1076 4521 1215 4582 tarchap
1321 4521 1382 4569 ‘din
1400 4521 1501 4569 nomine
1517 4523 1580 4568 mei:
1600 4522 1626 4568 in
1645 4521 1735 4569 honore
1754 4519 1883 4570 adlisis.
1989 4522 2066 4571 ‹ido-

440 4607 503 4654 mlnl
522 4606 621 4668 BBVp:
640 4606 757 4656 dominici
778 4607 799 4654 L
817 4611 839 4655 ai
857 4609 933 4668 vulpe
1038 4613 1255 4668 commntanerep
1368 4607 1549 4654 bdelicateB
1661 4607 1824 4670 Capeotante
1842 4607 1895 4668 Bp:
1914 4614 2064 4669 expectante

441 4692 510 4740 BLV
612 4694 725 4740 uictricia
743 4691 825 4740 BLV:
846 4694 968 4741 uictoriae
987 4691 1026 4754 Bp
1045 4697 1069 4739 ei
1084 4695 1159 4752 culpo
1272 4692 1524 4756 tropaeumque.
1642 4693 1878 4756 iconternpscrep
1981 4697 2068 4755 prius-

440 4793 515 4841 quam
534 4779 636 4840 BBVp:
655 4793 730 4841 quam
748 4777 769 4826 L
787 4783 810 4826 et
827 4780 903 4840 culpo
1019 4777 1034 4827 S
1054 4780 1230 4827 inleoebrosam
1250 4779 1356 4828 BLBV:
1377 4781 1403 4827 in
1421 4779 1590 4827 illecebrosam
1607 4794 1626 4840 p
1642 4783 1665 4826 et
1682 4779 1755 4840 culpo
1858 4778 1874 4828 ii
1892 4784 1918 4826 et
1936 4794 1985 4828 om.
2006 4779 2028 4826 B

441 4866 552 4914 mritinat
565 4866 625 4914 BV:
646 4881 694 4915 om.
710 4865 756 4927 Bp,
772 4867 882 4927 pertinet
895 4864 917 4912 L
931 4869 953 4914 et
965 4865 1040 4926 ootpo
1147 4863 1175 4915 11
1195 4866 1332 4914 bonifatius
1346 4865 1408 4915 BV:
1427 4865 1566 4914 bonifacius
1579 4863 1631 4925 LB,
1652 4865 1823 4926 bonefaciusp
1927 4865 2030 4926 Scrusp

444 4951 474 5001 12
493 4953 568 5001 abbas
589 4951 619 5014 L,
640 4954 728 5014 nibap
832 4953 984 5014 septiminus
1002 4950 1033 5011 B,
1055 4949 1227 5012 Septumusp
1330 4956 1356 4999 et
1375 4950 1442 5000 Max.
1463 4951 1598 4999 monachus
1615 4965 1664 5002 om.
1684 4951 1723 5013 Bp
1829 4949 1859 5000 13
1878 4952 2065 5000 machabeorum

443 5037 505 5099 LBp
609 5051 780 5097 germanorum
797 5051 884 5098 om.p
991 5036 1021 5085 11
1040 5038 1166 5085 territurio
1184 5035 1242 5084 BV¹
1359 5036 1618 5087 torneamenta
1722 5037 1915 5099 nlndamiaiisp
2018 5051 2064 5084 an-

439 5126 512 5173 testis
530 5125 578 5173 BV
716 5123 747 5173 16
764 5125 809 5186 qui
827 5124 931 5172 adtracti
951 5122 1010 5170 BV:
1039 5124 1082 5185 qni
1101 5123 1150 5172 acti
1168 5120 1215 5184 Bp,
1242 5123 1334 5184 qulbus
1351 5124 1464 5172 attractis
1483 5123 1504 5170 L
1521 5128 1544 5171 et
1561 5125 1635 5183 aalys
1756 5123 1967 5185 carthaginensem
1987 5123 2024 5184 Lp
2043 5131 2065 5170 at

438 5212 513 5271 vulpe
627 5211 654 5258 in
671 5211 857 5270 illecebrosisp
980 5208 1010 5257 11
1030 5223 1076 5258 nec
1094 5205 1155 5275 non]
1174 5209 1346 5270 necessariop
1469 5208 1499 5258 18
1518 5211 1638 5258 amicitias
1655 5211 1719 5259 mei:
1738 5211 1871 5258 amicitiam
1889 5209 1928 5258 sd.
1948 5209 2025 5259 Ruta.

441 5296 471 5345 19
491 5297 583 5346 milltes
601 5296 644 5344 clei
655 5295 739 5344 BLV:
759 5296 851 5344 milltos
869 5294 962 5343 Christi
976 5294 1024 5356 Bp,
1045 5294 1138 5344 Christi
1158 5294 1251 5344 milltes
1269 5293 1306 5343 ed.
1323 5293 1397 5342 Buta.
1505 5294 1690 5358 respuerentL
1794 5294 1826 5344 20
1844 5309 1910 5344 nnus
1928 5297 2024 5356 deuap

438 5386 588 5446 baptismum
609 5383 647 5444 Bp
751 5379 781 5429 ti
802 5382 879 5428 semei
898 5395 975 5441 amp
1079 5379 1112 5429 23
1131 5383 1217 5444 poenis
1236 5380 1259 5427 B
1362 5379 1527 5440 admodnmp
1630 5379 1663 5428 tt
1681 5382 1789 5444 pendere
1810 5380 1894 5428 BLV:
1914 5382 1964 5443 pati
1985 5381 2022 5442 Bp

436 5467 511 5537 qnae]
529 5471 628 5533 qncdp
731 5466 765 5518 25
784 5469 925 5528 fontinmp
1029 5466 1062 5516 26
1080 5467 1201 5515 trinitatis
1218 5465 1456 5526 dignatusBthV:
1476 5467 1574 5514 trinitas
1592 5467 1691 5526 dignata
1707 5482 1725 5526 p
1743 5471 1765 5514 at
1783 5468 1857 5528 culpo
1961 5467 1993 5516 28
2013 5483 2059 5515 rn-

435 5558 516 5604 atcdia
534 5557 572 5619 Bp
693 5556 788 5603 onerati
808 5555 892 5602 BLV:
912 5555 1016 5602 artantia
1034 5553 1065 5616 n,
1086 5554 1185 5601 arctatis
1200 5568 1227 5615 p,
1248 5552 1307 5612 sort.
1329 5555 1402 5601 artati
1420 5552 1454 5611 es.
1476 5554 1529 5614 111,
1551 5555 1583 5599 so
1722 5553 1754 5602 29
1774 5554 1817 5602 ilie
1837 5554 1921 5601 BLV:
1941 5557 1989 5602 iste
2009 5555 2057 5616 Rp,

434 5659 482 5692 ora.
503 5644 540 5694 ed.
562 5645 638 5692 licia.
744 5641 773 5691 31
795 5642 919 5690 doctrinae
938 5640 1072 5689 nlrtnteB
1176 5641 1316 5701 roboratip
1421 5639 1505 5687 taliR
1615 5639 1646 5688 3'2
1667 5641 1731 5687 ferre
1750 5639 1788 5702 Bp
1893 5645 2058 5702 persequenti

435 5731 473 5792 Bp
576 5731 643 5778 facili
664 5729 693 5790 R,
714 5729 820 5790 facilep
924 5727 956 5776 st
976 5728 1110 5788 nauimque
1128 5724 1149 5772 L
1167 5731 1189 5774 et
1209 5729 1283 5787 aalys
