4508 6434
1203 401 1351 458 coateri

855 597 929 663 dum
953 595 1041 660 locus
1063 601 1127 676 est,
1154 593 1208 676 qui
1230 599 1344 658 cuncta
1366 592 1440 658 duci
1463 594 1635 662 manifesta
1657 597 1818 662 resolvant

854 699 1015 766 Carcasan
1036 716 1155 763 aroana
1176 696 1252 762 sui'.
1298 716 1357 762 neo
1379 697 1472 782 plura
1494 697 1599 763 locuto

853 802 967 870 obvius
990 821 1065 867 ecce
1086 800 1175 866 venit
1195 799 1371 882 Varianus,
1397 800 1535 884 belliger
1556 801 1613 868 ille

853 905 1006 972 terribilis
1028 903 1186 989 quondam
1209 903 1326 970 nostris
1348 903 1487 988 stipante
1510 911 1648 971 caterva.

852 1009 905 1075 hio
926 1009 1078 1094 pinnatus
1100 1015 1184 1089 erat,
1210 1027 1273 1073 non
1295 1027 1389 1092 quem
1412 1009 1598 1093 placaverat
1619 1017 1694 1077 ante

853 1112 1037 1198 ensipotens
1061 1112 1239 1177 Solumuth.
1285 1112 1413 1196 generis
1435 1118 1542 1179 tamen
1564 1133 1660 1199 asper
1682 1123 1814 1200 uterque

853 1216 1010 1298 sanguine
1033 1215 1204 1301 proximior
1226 1235 1299 1281 sese
1321 1235 1379 1300 per
1399 1216 1487 1284 bella
1509 1217 1642 1284 serebat.
1744 1227 1745 1230 ’

853 1320 938 1385 buno
960 1319 1014 1384 ubi
1036 1318 1233 1406 prospiciens
1255 1325 1363 1385 contra
1386 1320 1553 1386 Liberatus
1576 1328 1703 1388 eunmm

853 1423 935 1489 vidit
956 1429 988 1488 et
1010 1423 1123 1489 erectis
1145 1428 1353 1508 temptantem
1376 1423 1498 1507 proelia
1521 1423 1657 1508 dextris,

852 1527 943 1592 innit
964 1527 1034 1612 ipse
1057 1526 1160 1612 prior,
1186 1533 1371 1610 turmasque
1393 1527 1518 1594 invadit
1539 1536 1716 1612 equestres.

852 1630 927 1697 inde
949 1630 1052 1696 lerum
1074 1631 1219 1696 Veuman
1241 1630 1348 1697 valido
1369 1651 1427 1717 per
1448 1638 1578 1717 pectora
1600 1633 1665 1719 pilo

852 1735 1058 1818 transadigit,
1085 1735 1268 1819 Marzinque
1291 1736 1362 1801 neci
1383 1736 1572 1820 nigrumque
1595 1738 1773 1804 Lamaldan

853 1845 885 1905 et
908 1838 1002 1904 Zeias
1025 1837 1115 1904 dedit
1137 1857 1213 1904 ense
1235 1839 1344 1922 gravi,
1371 1838 1547 1922 fortemque
1569 1839 1687 1906 Tirilan

852 1941 885 2008 et
907 1943 1066 2007 Burcanta
1087 1941 1281 2025 Nathunqne
1304 1941 1378 2007 ferit
1401 1941 1585 2026 Sarzunque
1608 1945 1759 2028 Tilinque

853 2043 1090 2128 ensiferumque
1112 2045 1232 2126 Nicen,
1259 2045 1389 2110 comites
1411 2045 1483 2129 quis
1504 2047 1600 2112 mittit
1622 2047 1665 2112 ad
1686 2047 1815 2114 umbras

851 2148 1028 2215 terribilem
1050 2149 1138 2214 Aean
1161 2156 1193 2215 et
1214 2149 1390 2215 vibrantem
1413 2149 1536 2216 missile
1558 2151 1725 2218 Dextrum.

852 2251 1008 2318 audacem
1031 2253 1143 2319 Petrus
1165 2253 1307 2318 Talaran
1329 2252 1505 2318 confixerat
1525 2253 1635 2336 hasta,

853 2377 947 2438 quem
970 2357 1050 2442 petit
1070 2357 1205 2422 infensis
1227 2357 1399 2422 luctantem
1421 2355 1588 2422 Iammada
1608 2359 1695 2424 telis,

853 2459 937 2524 hunc
959 2467 1066 2525 tamen
1089 2467 1255 2544 exceptum
1279 2461 1392 2525 Petrus
1414 2480 1564 2527 mucrone
1587 2461 1739 2547 peremit,

852 2563 981 2628 uerticis
1002 2564 1069 2628 alta
1091 2569 1197 2628 rotans
1219 2564 1373 2629 truncatis
1394 2571 1538 2650 tempora
1559 2566 1660 2631 venis.

728 2695 757 2733 ην)
853 2667 1034 2752 Stephanus
1057 2667 1201 2751 Altisan,
1227 2668 1335 2733 Tarah
1358 2668 1432 2734 ferit
1453 2688 1530 2734 ense
1552 2669 1757 2752 Iugurtham,

852 2770 1037 2836 Muriferum
1060 2771 1188 2837 Priscus
1209 2771 1453 2855 Ielidassenque
1476 2773 1630 2853 Oarosus,

853 2873 986 2941 Silvutis
1009 2875 1196 2956 Zembrum,
1223 2875 1376 2960 Grorgius
1399 2876 1524 2943 conficit
1544 2876 1687 2961 Auspur,

852 2979 984 3045 vulnere
1006 2979 1190 3064 perfodiens
1214 2987 1375 3046 contortae
1397 2980 1540 3066 cuspidis
1562 2981 1692 3064 inguen.

936 3082 1022 3148 victa
1043 3084 1186 3168 phalanx
1207 3103 1334 3149 versum
1357 3084 1491 3150 dederat
1511 3083 1675 3149 Maurusia
1697 3082 1834 3149 dorsum.

851 3185 1004 3252 victorum
1027 3187 1168 3270 sequitur
1189 3187 1291 3272 pubes
1313 3188 1469 3272 veloxque
1490 3187 1646 3254 tribunus.

851 3289 952 3374 surgit
974 3289 1017 3356 ad
1039 3291 1207 3356 aethereos
1229 3293 1330 3357 nubes
1353 3291 1545 3357 densissima
1567 3310 1713 3377 campos,

851 3395 982 3478 pulvere
1006 3394 1091 3460 iacta
1112 3393 1222 3477 fugae.
1268 3394 1346 3460 duro
1370 3402 1462 3461 sonat
1483 3396 1606 3478 ungula
1627 3414 1740 3479 cornu,

852 3504 885 3564 et
905 3497 987 3568 latet
1004 3499 1145 3584 aspersis
1168 3519 1299 3583 campus
1322 3505 1488 3584 ooopertus
1510 3497 1651 3564 harenis.

851 3602 1056 3688 cornipedum
1079 3602 1205 3668 fodiens
1227 3601 1335 3668 densis
1358 3602 1536 3668 calcarihus
1558 3622 1663 3668 armos

850 3705 951 3772 bostis
974 3713 1106 3788 uterque
1130 3707 1226 3771 volat.
1275 3705 1417 3789 sequitur
1438 3713 1513 3772 tunc
1534 3706 1664 3790 agmina
1686 3706 1808 3790 pulvis,

852 3810 1072 3894 significatque
1094 3809 1176 3875 vias.
1223 3809 1350 3895 dirupto
1372 3829 1498 3874 carcere
1521 3816 1635 3875 ventus

850 3935 913 3979 non
935 3913 1030 3979 aliter
1049 3920 1177 3978 teneras
1198 3911 1276 3978 flatu
1299 3913 1457 3978 convolvit
1477 3912 1633 3994 harenas,

851 4037 922 4082 cum
944 4016 1084 4083 tumidus
1107 4017 1243 4101 Boreas,
1270 4017 1420 4101 Scythica
1441 4017 1505 4082 iam
1529 4017 1609 4082 liber
1631 4016 1672 4081 ab
1695 4016 1787 4095 aula,

850 4121 984 4208 perfurit
1004 4121 1038 4186 in
1060 4139 1207 4205 campos,
1232 4122 1325 4186 turbo
1347 4121 1434 4187 volat
1455 4121 1601 4186 horridus
1623 4127 1698 4186 ante

850 4232 1010 4292 contortus
1032 4224 1148 4290 uirtute
1170 4224 1263 4307 Noti,
1289 4245 1431 4308 gyroque
1454 4231 1583 4290 coaetus

850 4329 945 4395 vertit
965 4328 1139 4394 harenosas
1161 4329 1353 4393 conturbans
1375 4349 1515 4412 aequora
1535 4335 1647 4394 terras.

934 4433 1062 4516 iamque
1086 4439 1213 4497 secutus
1235 4437 1304 4496 erat
1324 4431 1417 4496 miles
1439 4431 1575 4515 fugitiva
1597 4452 1655 4516 per
1675 4451 1769 4516 agros

850 4536 980 4620 agmina
1002 4536 1103 4601 Marte
1125 4535 1252 4615 furens,
1277 4533 1523 4618 bellatricesque
1546 4541 1691 4600 catervas

851 4639 1024 4725 spargebat
1045 4639 1154 4723 tepido
1176 4638 1314 4703 fundens
1336 4659 1394 4723 per
1415 4639 1561 4722 gramina
1582 4638 1676 4704 ferro.

851 4743 988 4827 despicit
1009 4743 1080 4829 ipse
1103 4749 1211 4808 tamen
1233 4741 1487 4826 dedignaturque
1509 4743 1655 4809 tribunus

851 4854 993 4913 sternere
1015 4845 1113 4912 caede
1135 4845 1239 4927 viros,
1264 4846 1353 4911 vivos
1376 4845 1434 4911 sed
1456 4846 1611 4931 prendere
1634 4852 1759 4913 certans

849 4951 953 5017 veloci
975 4950 1131 5016 volitabat
1153 4970 1251 5034 equo,
1278 4948 1440 5034 pilumque
1463 4957 1648 5033 retorquens

851 5052 988 5138 grandia
1009 5053 1169 5139 percussis
1191 5054 1332 5119 iactabat
1351 5043 1485 5138 ¹corpora
1506 5052 1669 5118 membris.

533 5235 584 5286 416
602 5233 771 5284 carthasanT
874 5229 923 5279 tlt
943 5230 1068 5278 Varinnus
1087 5231 1185 5292 scripsi,
1221 5229 1339 5278 ‚arturius
1360 5229 1389 5278 T.
1423 5231 1506 5289 prima
1523 5230 1630 5276 nominis
1648 5231 1730 5277 littero
1749 5230 1765 5275 ἱ)
1782 5245 1816 5278 m.
1837 5231 1872 5276 itu
1889 5233 2022 5278 immutato
2040 5237 2086 5288 est,

464 5329 493 5371 at
510 5325 604 5371 marias
622 5323 682 5386 qaid
699 5322 780 5382 loqur.
808 5319 930 5366 Tarlncus
949 5314 1043 5378 Moza,
1070 5315 1111 5364 red
1129 5317 1163 5378 ef,
1185 5317 1243 5365 463.
1264 5318 1323 5366 rto.
1350 5317 1365 5362 1
1371 5315 1390 5360 V
1405 5317 1540 5364 aso-969
1678 5313 1729 5364 418
1748 5317 1840 5363 uostris
1858 5313 1955 5375 Muza,
1982 5316 2046 5364 tristi
2067 5315 2088 5362 T

464 5409 515 5458 tio
533 5411 635 5470 generis
652 5415 735 5456 tamen
756 5407 786 5465 T,
812 5407 943 5467 generis:
964 5409 1047 5452 tamen
1068 5402 1211 5462 Mommsen,
1237 5406 1316 5450 nescio
1334 5417 1368 5451 aa
1385 5402 1443 5465 quid
1460 5400 1607 5450 interciderit
1744 5400 1795 5450 430
1813 5402 1923 5450 terribile
1941 5403 2031 5451 lnasan
2049 5405 2090 5450 vel

464 5496 578 5546 terribile
590 5495 710 5543 masanT
814 5491 1015 5553 431petrumT
1118 5489 1167 5539 4³2
1185 5490 1323 5538 iniesslsT
1426 5488 1476 5538 434
1495 5489 1598 5537 uerticis
1611 5487 1701 5549 Musa,
1722 5487 1859 5537 uirtutisT
1964 5491 2041 5537 uenis
2055 5489 2088 5550 T,

464 5583 548 5630 neruis
568 5581 646 5631 Mara.
786 5577 836 5628 435
863 5580 992 5628 sthelenus
1010 5577 1099 5626 altisan
1122 5577 1156 5636 T,
1182 5577 1281 5625 Altisau
1302 5575 1443 5640 Stephanus
1463 5573 1540 5623 Maza.
1680 5573 1729 5623 437
1755 5575 1886 5637 Gregorius
1904 5575 1987 5622 intlelt
2007 5574 2087 5624 Musa.

464 5667 514 5716 440
532 5670 612 5730 pubes
630 5667 715 5727 Besa,
738 5668 811 5731 pules
832 5666 860 5726 T,
882 5665 954 5713 miles
973 5664 1049 5711 Mosa.
1167 5663 1286 5726 uelosque
1307 5664 1328 5710 T
1447 5662 1499 5712 446
1517 5662 1614 5710 diructo
1635 5662 1655 5708 T
1776 5660 1824 5710 ltu
1844 5661 1974 5709 conualuit
1995 5660 2087 5715 Musa..

462 5769 518 5804 oum
537 5754 658 5803 uolultT
762 5753 811 5804 449
829 5753 938 5816 periuris
959 5753 979 5801 T
1083 5749 1130 5800 451
1152 5751 1229 5798 certis
1251 5751 1271 5800 T
1374 5764 1479 5811 aequora
1498 5748 1588 5808 Maca,
1608 5762 1671 5812 equo
1692 5750 1712 5796 T
