4508 6434
834 433 1068 491 IOHANNIDOS
1086 436 1156 491 LlB.
1177 437 1229 491 lll.

694 629 728 686 ut
750 623 900 688 Solomon
923 624 1005 690 vidit
1026 632 1149 692 tantum
1173 644 1364 707 consurgere
1387 625 1527 704 bellum,

609 725 770 791 Romanas
793 727 880 792 acies
904 729 1026 794 eunctis
1049 730 1090 795 dc
1113 728 1260 813 partibus
1282 733 1372 792 aetus

608 828 781 909 contrahit,
808 829 955 896 adversis
977 851 1152 916 properans
1176 849 1362 896 concurrere
1385 829 1471 918 fatis.

494 989 500 1004 ,
607 931 697 996 ilicet
718 931 858 999 infausto
881 933 1052 999 mandatur
1073 934 1194 1020 pagina
1216 951 1328 1013 cursu,

499 1075 503 1088 -
609 1040 641 1098 et
664 1034 728 1099 ruit
748 1054 823 1100 ecce
845 1037 976 1118 volans,
1003 1057 1106 1120 aequo
1128 1057 1190 1102 non
1214 1037 1316 1102 Marte
1338 1041 1484 1116 coactus,

609 1137 789 1202 Maurorum
813 1138 942 1222 ductor,
968 1140 1078 1205 miseri
1101 1139 1280 1206 Solomonis
1302 1139 1426 1205 amicus
1476 1219 1478 1224 ,

610 1240 762 1305 Romanis
784 1242 879 1307 rebus
901 1243 1034 1309 nimium
1057 1262 1247 1328 semperque
1269 1241 1393 1325 fidelis,

610 1343 731 1409 Cusina
753 1345 976 1411 Mastracianis
999 1365 1107 1412 secum
1131 1346 1252 1412 viribus
1274 1346 1401 1429 ingens.

608 1449 664 1529 qui
687 1447 827 1532 Tripolis
849 1455 925 1514 tune
949 1448 1060 1515 ductor
1083 1455 1167 1530 erat,
1195 1448 1342 1514 convenit
1364 1455 1396 1513 et
1418 1448 1525 1513 audax

611 1551 772 1634 Pelagius.
821 1552 879 1618 sed
902 1553 1041 1635 gentiles
1063 1552 1225 1636 durosque
1248 1551 1389 1617 Mecales

610 1672 718 1718 seeum
740 1653 783 1719 ad
809 1653 897 1720 bella
918 1655 1050 1721 trahens
1073 1654 1169 1720 fessis
1191 1675 1254 1720 non
1277 1653 1398 1719 viribus
1420 1653 1498 1720 ibat.

609 1755 753 1822 Ifuraces
776 1757 866 1823 fictos
889 1758 1031 1843 suscepit
1052 1758 1182 1824 nescius
1205 1757 1294 1823 artis.

609 1879 701 1924 meus
724 1860 859 1925 obscura
881 1869 1005 1942 manet,
1032 1861 1198 1943 quotiens,
1225 1861 1382 1940 Fortuna,
1409 1859 1550 1924 minaris.

609 1962 690 2040 hen,
717 1963 867 2028 Solomon
890 1963 1089 2046 miserande,
1115 1963 1180 2029 tuis
1202 1964 1261 2028 hos
1283 1963 1417 2046 iungere
1431 1962 1553 2034 ‚eastris

501 2105 505 2118 -
611 2064 780 2130 debueras.
827 2072 947 2131 tractus
970 2065 1072 2131 versis
1095 2065 1255 2131 contraria
1280 2064 1356 2130 fatis

610 2187 737 2251 semper
759 2169 837 2251 agit.
885 2168 994 2232 nullus
1017 2168 1132 2252 poterit
1154 2169 1257 2233 vitare
1280 2167 1365 2251 quod
1386 2167 1495 2233 instat.

697 2271 810 2336 ultima
832 2271 960 2353 iamque
984 2272 1053 2337 dies
1077 2277 1204 2336 nostras
1228 2277 1418 2356 pervenerat
1439 2291 1524 2335 oras.

610 2375 675 2439 iam
699 2374 835 2459 Libyam
857 2374 1009 2440 minitans
1032 2375 1225 2460 properabat
1247 2373 1382 2459 perdere
1404 2373 1517 2439 fatum.

611 2477 815 2560 congreditur
836 2477 951 2543 mediis
974 2479 1184 2544 commiscens
1205 2477 1329 2563 proeha
1352 2477 1457 2557 silvis,

610 2580 793 2664 impavidus
815 2580 982 2663 fidensque
1005 2582 1084 2648 suis.
1128 2581 1193 2646 iam
1216 2581 1339 2647 vicerat
1360 2580 1484 2655 hostes,

611 2684 739 2766 iamque
762 2683 848 2748 acies
871 2683 1008 2749 adversa
1031 2684 1131 2768 fugax
1153 2682 1320 2749 advertere
1347 2689 1439 2766 terga

611 2794 761 2870 coeperat
781 2793 877 2868 atque
900 2793 1004 2868 metu,
1031 2786 1161 2852 fervens
1184 2787 1311 2868 iamque
1333 2785 1403 2870 ipse
1426 2806 1484 2869 per
1507 2786 1615 2851 hostes

612 2889 709 2954 currit
731 2897 763 2954 et
784 2908 916 2954 eversas
940 2889 1084 2972 sequitur
1106 2909 1164 2974 per
1186 2888 1282 2954 devia
1304 2895 1442 2969 turmas,

612 3012 683 3057 curm
706 2991 810 3057 subito
833 2991 961 3077 dirupta
983 2993 1075 3058 fides.
1122 2993 1264 3058 Fortuna
1286 2991 1413 3057 retorsit

611 3094 719 3161 vultus
741 3101 824 3160 retro
847 3114 939 3178 suos,
966 3095 1121 3162 Lachesis
1144 3103 1220 3160 tunc
1242 3094 1381 3161 stamina
1403 3096 1505 3181 rupit,

611 3199 765 3282 laesaque
787 3217 956 3283 perversus
979 3199 1089 3265 retuht
1111 3198 1251 3264 Victoria
1272 3198 1399 3282 pinnas.

611 3301 763 3368 invenere
786 3319 879 3366 suum
901 3308 977 3368 tunc
998 3301 1104 3368 tristia
1126 3301 1194 3368 fata
1216 3301 1406 3366 ministrum.

612 3403 783 3469 (luntarith
806 3403 919 3470 infelix
941 3411 1084 3470 nostrum
1107 3401 1280 3470 conterruit
1301 3423 1429 3487 agmen.

612 3505 756 3572 funditus
780 3505 832 3571 hio
854 3507 957 3591 potuit
978 3509 1139 3572 Romanum
1161 3513 1286 3573 vertere
1309 3505 1403 3572 vires.

612 3629 674 3673 non
697 3608 815 3674 vietum
839 3608 982 3689 fortuna,
1009 3609 1118 3675 minax
1141 3630 1204 3675 non
1226 3615 1389 3694 presserat
1411 3609 1527 3688 hostis,

611 3732 674 3777 non
697 3718 800 3776 metus
823 3732 898 3777 acer
919 3733 1032 3796 agens.
1081 3711 1139 3778 sed
1162 3719 1290 3778 vertens
1313 3718 1419 3778 mente
1441 3713 1585 3795 maligna
1607 3735 1613 3756 ··

612 3813 705 3898 signa
728 3811 825 3879 refert
847 3815 1003 3898 fugitque.
1051 3814 1130 3899 fuga
1152 3835 1247 3899 quem
1270 3814 1351 3880 vidit
1373 3821 1408 3880 ut
1429 3816 1531 3880 omnis

611 3937 706 3983 versa
728 3917 840 3982 cohors
862 3917 1040 4002 trepidum,
1068 3918 1227 4001 sequitur,
1254 3918 1439 4002 campisque
1458 3918 1644 4001 magistrum

614 4021 735 4086 deserit
756 4021 789 4085 in
812 4019 927 4085 mediis
950 4021 1137 4087 miscentem
1160 4021 1285 4106 proelia
1308 4021 1415 4086 fossis.

485 4147 508 4182 :-¹
613 4125 693 4188 haec
715 4124 781 4188 fors
805 4123 886 4188 dura
907 4143 1008 4189 novas
1029 4131 1104 4190 tuno
1127 4124 1271 4189 hostibus
1292 4122 1420 4188 addidit
1442 4124 1506 4188 iras

611 4226 825 4308 virtutemque
848 4226 962 4308 simul,
988 4227 1106 4292 nostris
1129 4227 1293 4308 letumque
1315 4231 1499 4307 metumque

611 4331 845 4413 obscenamque
868 4329 997 4413 fugam,
1024 4329 1110 4413 turpi
1132 4348 1215 4412 quae
1238 4327 1373 4412 perdere
1395 4333 1509 4411 gentes

611 4433 713 4497 Marte
737 4432 828 4497 solet.
877 4432 1020 4517 sequitur
1043 4431 1152 4498 densis
1175 4431 1241 4496 iam
1264 4430 1374 4496 fortior
1394 4429 1508 4497 armis

611 4535 711 4600 hostis
734 4535 851 4600 acerba
874 4534 994 4601 furens.
1041 4535 1112 4620 ipse
1134 4533 1339 4619 impendente
1361 4535 1499 4600 tumultu

611 4636 745 4720 occidit,
771 4637 852 4714 heu,
879 4637 967 4702 duris
989 4637 1141 4703 transfixo
1163 4636 1386 4720 pectoretelis

612 4740 789 4805 immeritus
812 4742 971 4806 Solonion.
1019 4747 1095 4806 tune
1117 4740 1219 4805 omnis
1242 4739 1376 4804 vertitur
1398 4738 1486 4803 ordo.

612 4843 723 4908 Martis
746 4863 832 4909 more
855 4841 965 4908 furens
988 4842 1096 4908 nullus
1119 4842 1183 4907 iam
1206 4842 1302 4907 rebus
1324 4841 1447 4907 amicus

612 4945 747 5026 mansit,
775 4944 832 5010 sed
855 4944 1010 5030 praedem
1032 4945 1161 5030 rapiens
1184 4965 1241 5030 per
1262 4943 1350 5010 bella
1371 4944 1509 5010 cucurrit

295 5222 345 5271 403
364 5229 430 5272 uetus
450 5223 540 5283 Muza„
559 5232 630 5273 aetus
647 5225 667 5272 T
768 5223 819 5272 405
837 5229 921 5272 coetus
937 5223 957 5270 T
1062 5223 1112 5273 408
1131 5223 1226 5272 (lusins
1242 5223 1416 5272 Mastracianis
1434 5237 1517 5272 secum
1537 5222 1627 5284 naa„
1647 5227 1730 5274 coslus
1748 5233 1852 5276 mestru-

226 5309 308 5356 ciauos
327 5323 411 5357 seeum
427 5309 456 5369 T,
478 5311 572 5359 Cnslne
584 5309 698 5369 Massylis
712 5310 742 5357 sd
756 5323 800 5358 nos
813 5323 870 5357 cnm
882 5310 977 5371 malim,
997 5309 1158 5370 cf.1l'510.
1184 5310 1219 5356 VI
1230 5311 1281 5358 517
1396 5307 1446 5358 lto
1464 5308 1586 5371 pellagius
1610 5309 1630 5355 T
1742 5310 1789 5362 ltl
1811 5314 1851 5360 fe.

227 5394 273 5440 stis
290 5395 311 5440 T
413 5393 463 5443 412
482 5397 591 5444 lfursces
608 5399 703 5456 ammai,
724 5396 845 5444 luiurlees
858 5397 884 5442 tu
896 5396 1021 5444 lutursces
1034 5400 1046 5444 1
1061 5412 1095 5445 m.
1109 5399 1233 5444 mutatum
1247 5396 1275 5455 T,
1296 5395 1411 5444 inienuus
1428 5397 1493 5456 lepis,
1514 5397 1540 5442 in
1559 5394 1647 5444 iratres
1663 5399 1758 5458 scripsit
1771 5399 1849 5449 Muza.

226 5478 276 5527 425
295 5481 381 5530 latesis
404 5481 424 5527 Τ
543 5480 593 5530 426
611 5485 704 5543 pinnas
727 5482 754 5540 Τ,
774 5482 867 5543 palmes
886 5480 964 5530 Muza.
1088 5480 1138 5530 ine
1158 5482 1293 5529 Guntarith
1312 5480 1398 5541 Haupt
1418 5480 1506 5541 Opnsc.
1529 5481 1571 5526 111
1587 5483 1647 5542 616,
1676 5488 1800 5534 eunetsrlt
1821 5487 1848 5547 T,

226 5566 363 5614 iiuutsrleh
382 5566 459 5617 Mass.
599 5566 650 5615 430
668 5568 747 5614 minus
765 5579 814 5613 nou
833 5571 931 5628 presset
951 5566 971 5611 Τ
1107 5565 1157 5614 432
1176 5567 1293 5627 fugitque
1316 5565 1342 5623 Τ,
1364 5566 1469 5614 elamore
1488 5564 1577 5628 Mau„
1597 5567 1720 5629 tingitque
1738 5569 1814 5620 Bekis.

226 5654 285 5714 iuga
304 5652 446 5712 diommseu,
467 5656 549 5713 iugum
570 5654 590 5700 T
711 5651 761 5701 434
781 5653 926 5700 miscentem
945 5652 1029 5711 Bekis„
1050 5651 1226 5700 miscentesT
1341 5651 1392 5701 435
1411 5665 1457 5700 nee
1475 5652 1557 5699 forsan
1581 5652 1602 5698 T
1715 5651 1763 5702 43ῖ
1784 5659 1852 5720 turpi

227 5751 290 5801 quae
308 5738 394 5799 Belle,
416 5744 506 5801 turque
528 5739 556 5800 T,
577 5739 660 5786 turbat
677 5752 741 5801 quse
761 5738 838 5787 Muza.
946 5736 996 5787 439
1014 5738 1068 5802 ipse
1087 5736 1174 5800 Beleia,
1194 5739 1249 5801 ipsu
1271 5738 1291 5785 T
1394 5736 1445 5786 440
1462 5737 1553 5785 accidit
1575 5737 1595 5785 T
