4508 6434
831 425 1060 482 mutuamus
1080 429 1150 482 LlB.
1173 431 1208 483 ΙΙ.

530 611 532 614 ’
596 612 729 697 eripitur
751 615 871 680 crebris
893 615 993 681 iacies
1016 617 1193 682 certissima
1214 638 1318 684 rerum

596 714 769 798 imbribus,
796 724 829 795 et
849 718 947 784 nullis
969 726 1142 785 nuscuntur
1163 720 1271 786 sidera
1294 721 1409 805 signis.

683 820 755 903 quis
777 821 857 886 mibi
878 827 924 887 tut
944 822 1079 907 populos
1101 829 1279 907 gentesque
1302 833 1334 892 et
1355 812 1479 909 proelia
1501 837 1592 892 vates

597 922 722 988 urslinet
744 931 812 989 arte
835 931 940 989 noval
983 931 1036 1006 tu,
1062 925 1258 1008 Iustiniana,
1284 926 1425 994 favendo

598 1031 712 1091 cuncta
734 1015 825 1092 doce.
872 1027 1016 1094 admisce
1038 1028 1160 1094 blanda
1182 1029 1353 1096 dulcedine
1375 1032 1511 1097 Musam.

596 1135 753 1213 temperet
774 1129 909 1196 insuetis
931 1137 1045 1197 nutant
1066 1152 1149 1215 quae
1173 1133 1315 1198 carmina
1337 1134 1454 1200 verbis.

561 1227 562 1230 ’
597 1252 671 1297 nam
695 1231 765 1297 fera
786 1234 973 1300 barbaricae
997 1235 1116 1301 latrant
1138 1254 1198 1300 sua
1219 1236 1349 1302 nomina
1371 1237 1513 1322 linguae.

682 1335 805 1420 primus
827 1337 886 1402 init
907 1338 1046 1420 bellurn,
1072 1336 1215 1403 fraterna
1238 1345 1340 1406 morte
1362 1348 1508 1424 coactus,

598 1440 778 1504 blaurorum
799 1439 965 1526 princeps,
992 1440 1315 1530 Romanissubditus
1337 1442 1413 1508 clim

596 1542 812 1634 principibus,
837 1549 949 1627 gratus
972 1543 1106 1609 ducibus
1128 1543 1275 1626 fidusque
1298 1545 1481 1629 magistris,

598 1645 744 1710 Antalas.
790 1644 967 1728 duramque
989 1665 1120 1711 movens
1142 1646 1178 1711 in
1200 1647 1322 1732 proelia
1344 1649 1489 1714 dextram

599 1748 700 1815 erexit
722 1747 837 1814 furiale
860 1748 1018 1831 fremens,
1044 1769 1107 1832 qna
1129 1749 1276 1815 turbidus
1299 1750 1403 1816 omnis

596 1851 725 1936 impulit
744 1858 885 1917 armatas
906 1852 1062 1918 bellomm
1084 1851 1127 1917 ad
1149 1853 1294 1936 praemia
1315 1861 1441 1937 gentes.

598 1953 717 2021 tinibus
737 1955 772 2019 in
795 1955 924 2039 Libycis
947 1961 1097 2040 suscepta
1119 1975 1199 2040 pace
1227 1947 1334 2022 fidelis

471 2079 501 2118 ‘a
597 2057 654 2124 ille
676 2057 754 2140 fuit,
780 2059 956 2144 plenosque
978 2058 1089 2124 decem
1111 2058 1291 2144 perfecerat
1312 2080 1425 2125 annos.

599 2161 678 2242 beu,
706 2161 797 2227 ducis
819 2161 930 2245 ignavi
951 2161 1048 2245 quale
1069 2160 1255 2227 indiscretio
1278 2162 1398 2228 bellum

597 2263 713 2346 mavit,
740 2271 772 2331 et
794 2265 952 2330 extinctas
974 2263 1051 2331 iecit
1072 2265 1268 2330 recalescere
1291 2263 1453 2331 flammas!

597 2373 673 2431 tunc
694 2365 781 2432 furor
802 2367 920 2452 incepti
942 2367 1048 2453 posuit
1069 2367 1231 2452 plantaria
1252 2368 1373 2433 Martis.

597 2469 752 2555 perfidiae
774 2469 894 2536 crimen
917 2471 969 2536 vel
992 2476 1100 2535 tantae
1124 2470 1247 2535 semina
1268 2471 1378 2536 mortis

597 2571 647 2636 ira
669 2571 769 2638 dedit.
817 2580 931 2657 gentes
954 2573 1079 2656 Libyae
1101 2573 1271 2639 commovit
1291 2594 1420 2639 amaras

598 2675 701 2740 acrior
722 2681 756 2741 et
777 2682 876 2742 totum
899 2676 1039 2742 turbavit
1060 2676 1214 2742 caedibus
1236 2675 1356 2742 orbem.

597 2776 682 2843 bunc
704 2778 952 2863 cunsanguineis
975 2778 1119 2862 sequitur
1140 2778 1334 2844 densissima
1355 2779 1468 2845 turmis

598 2881 735 2964 Frexes,
761 2889 794 2947 et
814 2881 938 2948 tumida
960 2881 1073 2948 laudat
1094 2881 1218 2948 cervice
1240 2889 1421 2965 regentem,

597 2983 688 3049 fortis
710 3003 791 3067 gens
814 2991 846 3050 et
867 2984 947 3050 dura
969 2984 1047 3049 viris
1067 2984 1211 3068 bellique
1233 2985 1372 3051 tumultu

598 3087 713 3170 effera,
739 3106 795 3152 sen
817 3087 917 3173 pedes
939 3088 964 3154 it
986 3086 1109 3173 campis
1132 3093 1339 3173 praesumpta
1360 3108 1419 3173 per
1440 3088 1565 3172 hostes,
1677 3141 1678 3146 .

597 3191 666 3257 sive
689 3190 854 3257 frementis
876 3190 951 3275 equi
972 3191 1082 3276 pulsat
1102 3189 1282 3257 calcaribus
1308 3210 1426 3257 armes.

596 3294 673 3361 inde
696 3295 785 3360 leves
808 3295 950 3379 equitum
973 3301 1096 3360 tumrae
1119 3293 1290 3360 comitante
1313 3294 1448 3360 Siclifan

597 3418 688 3464 arma
710 3397 826 3464 femnt.
874 3416 991 3462 saevus
1014 3395 1154 3462 medium
1178 3397 1343 3463 volatilla
1366 3395 1423 3483 per
1444 3419 1562 3483 agmen

597 3501 676 3566 fisus
698 3521 800 3584 equo,
826 3507 1030 3582 armatasque
1052 3507 1159 3566 movet
1180 3500 1350 3584 pulsatque
1372 3501 1566 3586 phalangas.

597 3605 662 3670 Aur
684 3611 716 3670 et
738 3602 911 3669 indomitus
934 3603 1017 3668 latos
1040 3602 1190 3669 discurrit
1214 3603 1248 3668 in
1270 3623 1375 3687 agros.

597 3708 672 3772 binc
695 3705 886 3772 Sinusdisae
909 3707 1033 3772 bellant
1054 3725 1112 3791 per
1133 3707 1222 3772 bella
1244 3707 1407 3788 cobortes,

597 3811 810 3892 Silvacaeque
832 3817 938 3875 truces
962 3815 994 3874 et
1015 3809 1123 3875 saevis
1145 3809 1261 3875 Naffur
1281 3809 1315 3874 in
1337 3810 1437 3876 armis

597 3912 837 3996 Silcadenitque
859 3911 964 3995 ierus,
990 3911 1086 3976 celsis
1109 3911 1165 3994 qui
1188 3912 1298 3978 vivida
1321 3912 1412 3978 silvis

595 4016 684 4082 bella
706 4014 789 4081 dolis
811 4013 985 4081 metuenda
1006 4021 1116 4099 parat,
1142 4014 1327 4082 conterritat
1349 4015 1458 4082 hostes

596 4119 710 4185 fraude
733 4118 814 4198 loci,
840 4117 1009 4202 caecisque
1032 4116 1142 4182 furens
1164 4117 1343 4202 praefertur
1365 4119 1399 4184 in
1422 4121 1522 4186 ausis.

595 4222 650 4306 qui
674 4221 798 4287 Gurubi
822 4227 975 4286 montana
997 4221 1104 4286 colunt
1126 4220 1294 4304 vallesque
1317 4221 1493 4306 malignas,

596 4325 770 4392 Mercurios
793 4324 892 4390 colles
915 4331 947 4391 et
969 4323 1079 4391 densis
1101 4322 1187 4389 Iiera
1210 4323 1313 4388 silvis.

595 4428 669 4514 quis
691 4427 801 4512 gravis
824 4426 996 4508 butiliten,
1022 4425 1123 4511 patris
1145 4446 1208 4491 non
1231 4427 1357 4492 mollior
1378 4428 1484 4511 ausis,

596 4531 778 4618 praefectus
800 4529 943 4613 bellique
967 4549 1074 4595 comes
1100 4529 1244 4613 nullique
1266 4529 1373 4596 tidelis

595 4629 679 4716 ibat',
705 4640 738 4700 et
758 4635 792 4699 in
815 4639 929 4718 gentes
952 4633 1108 4699 scelerum
1131 4632 1263 4697 laxabat
1285 4632 1446 4716 habenae,

596 4736 795 4803 succendens
817 4736 1041 4821 praedansque
1065 4735 1154 4800 ferox
1176 4740 1385 4818 mactansque
1407 4737 1610 4822 trahensque.

596 4841 760 4908 Silvaizan
782 4841 990 4923 Macaresqae
1013 4839 1107 4922 vagi,
1133 4837 1187 4922 qui
1209 4837 1369 4902 montibus
1392 4839 1468 4904 altis

597 4942 726 5010 horrida
747 4942 929 5028 praeruptis
952 4941 1124 5025 densisque
1146 4941 1289 5025 mapalia
1312 4941 1402 5007 silvis

596 5047 741 5113 abiectae
763 5045 903 5112 condunt
925 5045 1028 5111 securi
1050 5045 1139 5130 rupis
1161 5043 1204 5110 ad
1227 5045 1383 5110 umbram.

217 5175 387 5181 ...m—-.
411 5173 468 5180 4...-
479 5173 619 5180 .-—-.-...—⁴

278 5223 310 5273 2⁴2
328 5225 446 5272 iubrlbus
461 5223 481 5270 T
565 5221 597 5272 25
616 5222 708 5270 anriaue
723 5221 744 5266 T
824 5218 862 5268 ut
881 5225 1049 5280 nutantquae
1062 5218 1204 5275 Mmumsea,
1225 5223 1367 5280 nutantque
1384 5219 1411 5280 T,
1432 5220 1638 5271 nutantiaMaaa.
1728 5223 1756 5271 31
1779 5229 1835 5275 urri-

209 5311 269 5359 talur
291 5310 311 5357 T
426 5309 458 5359 33
476 5309 597 5359 uramsT
706 5307 801 5369 premia
824 5305 850 5365 T,
872 5306 964 5367 proella
984 5304 1060 5354 Muza.
1176 5318 1238 5365 gens
1261 5305 1282 5351 T
1395 5305 1428 5354 38
1447 5307 1542 5367 incepti
1562 5307 1672 5370 saum„
1693 5311 1785 5358 iucatti
1806 5311 1833 5374 T,

208 5397 300 5443 incerti
320 5393 398 5443 Musa.
524 5391 556 5442 39
574 5394 668 5455 pertlde
691 5392 712 5438 T
831 5390 859 5439 ll
882 5391 1000 5439 caedibus
1020 5391 1116 5452 Musa,
1142 5391 1262 5451 gentibus
1283 5383 1304 5438 T
1425 5391 1457 5440 tu
1475 5393 1562 5442 laudat
1578 5393 1668 5454 Bclalr,
1691 5395 1794 5444 laudant
1817 5396 1837 5442 T

208 5479 241 5530 45
265 5487 392 5543 presumtu
412 5481 446 5541 T,
472 5483 506 5528 stc
523 5480 575 5542 scre
592 5493 684 5540 sempe
805 5477 838 5526 ts
857 5479 924 5525 uelat
944 5477 964 5524 T
1086 5476 1120 5527 49
1143 5483 1228 5526 monet
1244 5478 1379 5539 pulsatque
1397 5479 1498 5538 scalpri,
1524 5484 1625 5527 manent
1643 5479 1795 5542 pulsantque
1811 5479 1836 5526 T

209 5566 242 5615 50
259 5565 437 5616 indomitosT
540 5564 569 5614 51
591 5565 699 5613 buncT
804 5563 953 5613 Sinusdisae
970 5565 1065 5624 scripsi,
1086 5564 1215 5612 sinrrsdisa
1238 5563 1266 5624 T,
1285 5564 1401 5612 indiuisa
1419 5562 1498 5613 Maza.
1605 5562 1637 5613 52
1656 5577 1748 5613 suenus
1767 5566 1834 5613 Nau-

207 5655 249 5701 iur
268 5651 346 5700 Maza.
460 5651 493 5700 53
511 5651 600 5700 uiuida
619 5650 708 5711 Maru,
728 5650 859 5698 inuidaT
973 5648 1004 5698 57
1023 5650 1104 5698 iniere
1124 5649 1203 5700 Mara.
1309 5648 1341 5697 58
1360 5650 1451 5710 patriis
1472 5647 1550 5698 Maza.
1657 5651 1735 5700 Auris
1754 5650 1832 5699 Mara.

207 5738 241 5787 60
259 5737 349 5786 abenas
370 5737 391 5783 T
494 5735 523 5786 61
544 5737 614 5784 ferox
631 5739 727 5800 scripsi,
746 5738 812 5785 leros
832 5736 862 5796 T,
882 5738 952 5786 ierus
971 5735 1049 5784 Muza.
1156 5735 1188 5783 bt
1207 5736 1304 5784 abiecte
1324 5733 1403 5782 Maza.

286 5835 406 5878 connum.
1613 5837 1628 5882 3
