4508 6434
710 417 938 477 IOHANNIDOS
957 421 1028 478 LIB.
1048 423 1128 479 Vlll.
1153 422 1236 488 (Vll).

547 607 676 691 iamque
698 609 768 676 dies
789 611 933 695 alterque
954 611 1025 679 dies
1047 612 1165 678 dilatus
1187 612 1228 677 ab
1250 609 1347 676 armis

548 718 616 777 arte
639 712 741 778 ducis.
787 718 901 798 gentes
923 714 1038 781 dubias
1059 735 1095 782 se
1117 715 1246 782 eredere
1269 713 1391 800 campis

549 813 647 881 eflicit
665 814 739 901 ipsa
759 816 861 899 quies.
909 825 1029 885 eertum
1053 825 1143 905 putat
1164 837 1236 884 esse
1259 838 1410 904 pavorem

548 917 661 983 infelix
681 919 858 986 Nasamon.
902 921 938 986 in
960 922 1064 1007 planis
1087 941 1203 1007 ponere
1225 921 1319 987 terris

548 1028 655 1087 castra
676 1023 781 1090 soluta
801 1023 900 1090 iubet.
947 1025 1081 1090 nimium
1102 1025 1167 1091 iam
1189 1033 1289 1091 morte
1312 1025 1488 1110 propinqua

549 1123 689 1191 audaces
710 1125 834 1192 animos
856 1133 888 1192 et
911 1147 1025 1193 saevas
1048 1134 1228 1213 sumpserat
1249 1129 1326 1193 iras.

634 1236 788 1296 convocat
810 1250 828 1296 e
849 1229 965 1297 mediis
987 1231 1151 1296 deducens
1172 1231 1303 1314 agmina
1325 1231 1422 1296 fossis

549 1331 716 1398 consilium
739 1332 859 1399 ductor.
907 1335 995 1400 stetit
1015 1355 1135 1419 aggere
1158 1336 1273 1401 celsior
1293 1335 1376 1420 ipse.

549 1440 626 1500 tunc
647 1436 721 1502 lecti
742 1457 860 1504 venere
881 1436 980 1503 duces
1003 1437 1164 1520 fortesque
1185 1425 1321 1519 tribuni,

550 1543 645 1622 atque
668 1559 725 1605 suo
746 1540 879 1606 veniens
902 1541 1082 1607 condensus
1103 1541 1137 1606 in
1159 1541 1287 1625 agmine
1309 1539 1403 1606 miles

550 1661 776 1726 pernumeros
798 1650 981 1729 turmasque
1003 1645 1076 1711 ruit.
1122 1646 1281 1726 rebusque
1303 1644 1409 1710 fidelis

551 1746 747 1812 contrahitur
768 1748 913 1832 Massyla
933 1767 1047 1814 manus
1070 1748 1116 1814 sic
1137 1749 1234 1814 mista
1255 1748 1380 1814 Latinis

551 1867 609 1914 ceu
631 1850 775 1915 Romana
796 1849 897 1915 femx.
945 1857 1075 1916 cunctos
1097 1871 1186 1917 amor
1206 1851 1277 1935 ipse
1298 1851 1443 1935 magistri

550 1951 765 2037 terribilisque
787 1960 892 2019 metus
914 1954 1036 2040 campis
1059 1974 1224 2021 occurrere
1245 1955 1349 2020 iussit.

551 2055 719 2120 unanimes
740 2055 867 2122 habitus
890 2063 1003 2140 gentes
1025 2056 1178 2124 disceruit
1199 2064 1362 2141 utrasque.

552 2157 602 2222 his
625 2157 750 2224 tunicas
772 2157 909 2241 ferrum,
935 2158 1002 2241 bis,
1027 2159 1124 2226 nudis
1147 2159 1187 2225 de
1209 2179 1296 2224 more
1318 2159 1463 2244 lacertis,

551 2280 693 2346 purpura
713 2261 800 2347 picta
821 2261 920 2328 dabat
940 2262 1029 2328 vario
1051 2264 1205 2347 permista
1227 2264 1342 2329 colore.

552 2363 612 2430 hos
635 2364 775 2450 clipeus,
800 2365 859 2430 hos
881 2371 968 2431 cetra
989 2365 1079 2450 tegit.
1126 2372 1190 2432 stat
1211 2365 1338 2432 casside
1361 2367 1467 2432 celsus

552 2466 646 2532 miles
668 2474 701 2533 et
721 2467 896 2552 implicitae
919 2469 1050 2534 Maurus
1072 2469 1233 2535 velamine
1255 2470 1374 2555 pallae.

553 2577 604 2636 ast
624 2569 709 2635 alius
730 2570 842 2654 longos
864 2591 1032 2638 removens
1054 2593 1075 2637 a
1096 2572 1199 2638 fronte
1221 2573 1373 2658 capillos,

553 2672 730 2740 missilibus
752 2675 847 2740 nixus
870 2675 1007 2758 geminis
1030 2682 1062 2742 et
1082 2677 1203 2762 poplite
1225 2675 1308 2742 flexo

553 2783 610 2843 aut
630 2776 711 2844 dura
732 2778 868 2845 solidam
891 2778 1035 2862 defigens
1057 2780 1191 2865 cuspide
1213 2788 1341 2846 terram.

553 2900 632 2962 qnos
656 2880 767 2947 ductor
788 2881 915 2948 medius
936 2882 1032 2948 dietis
1053 2883 1170 2948 affatur
1191 2882 1314 2957 amicis.

557 2985 711 3050 ‘Romani
732 2986 882 3068 comites,
908 2986 1016 3053 fessae
1038 3005 1113 3071 spes
1135 2986 1230 3052 unica
1250 2992 1372 3068 terrae,

554 3094 642 3154 certa
663 3089 753 3154 salus
774 3090 896 3174 Libyae
919 3090 1034 3156 vestris
1056 3110 1141 3156 nunc
1162 3091 1282 3175 pendet
1302 3089 1337 3154 in
1358 3089 1468 3155 armis.

553 3193 618 3258 iam
640 3193 761 3259 bellurn
783 3194 876 3259 finire
899 3192 992 3260 decet
1012 3192 1171 3276 durosque
1195 3194 1330 3260 labores.

554 3297 762 3380 pugnandum
785 3299 859 3362 est'.
905 3296 1039 3380 gavisae
1060 3296 1149 3363 acies
1170 3303 1346 3380 gentesque
1368 3296 1502 3362 Latinae

432 3449 433 3454 η
554 3399 648 3482 signa
669 3406 807 3466 movent.
854 3421 916 3466 vox
939 3420 1005 3465 una
1025 3399 1148 3482 fremit,
1175 3400 1348 3486 populique
1370 3400 1531 3484 ducesque

555 3503 779 3587 Massylaeqne
802 3523 916 3570 manus
938 3523 1056 3587 magno
1078 3503 1221 3570 cecinere
1243 3503 1380 3587 fragore.

554 3606 741 3692 promittuut
762 3607 904 3686 animos,
930 3607 1090 3689 curritque
1112 3627 1170 3692 per
1191 3607 1322 3691 agmina
1344 3608 1428 3673 laeto

555 3729 715 3776 murmure
738 3717 852 3776 cuneta
874 3730 983 3776 sonus.
1028 3731 1092 3776 nou
1114 3711 1161 3776 sic
1182 3711 1306 3795 agitata
1327 3712 1484 3777 resultant

556 3832 696 3896 aequora
717 3811 860 3880 venturis
883 3813 978 3897 louge
1001 3813 1163 3896 signantia
1184 3813 1300 3878 venus.

642 3917 743 3984 sensit
763 3924 799 3982 ut
821 3917 971 4001 egregius
994 3916 1182 4003 populorum
1203 3924 1278 3982 vota
1299 3916 1475 3998 lohannes,

555 4020 689 4088 consilio
710 4020 843 4086 meliore
867 4020 975 4101 docet,
1002 4041 1084 4103 quae
1105 4020 1209 4105 prima
1231 4020 1344 4086 salutis

556 4144 656 4190 causa
677 4124 754 4206 fuit,
781 4123 939 4207 rebusque
961 4122 1038 4188 data
1060 4130 1111 4189 est
1131 4122 1265 4188 victoria
1285 4123 1427 4188 summis.

555 4235 592 4293 ut
612 4227 757 4294 fremitus
779 4227 896 4312 pressit
917 4227 1093 4308 denteque
1116 4226 1245 4292 silentia
1265 4225 1375 4308 iussit,

555 4330 681 4397 attomti
703 4331 821 4396 siluere
844 4329 921 4412 viri,
947 4329 1125 4414 faciemque
1148 4329 1306 4412 loquentis

556 4434 744 4520 suspiciunt.
792 4433 891 4498 animi
911 4432 1011 4498 iussis
1032 4451 1190 4514 auresque
1212 4440 1374 4518 parantur.

556 4539 674 4603 affatur
695 4537 800 4604 socios
822 4538 910 4602 clara
932 4537 978 4603 sic
1000 4555 1077 4602 voce
1100 4536 1262 4620 magister.
1304 4563 1305 4568 ¹

560 4640 674 4720 ‘haec,
701 4641 797 4724 socii,
823 4647 985 4707 transacta
1008 4639 1091 4706 dies.
1136 4660 1196 4706 nee
1218 4639 1358 4706 crastina
1379 4659 1507 4724 pugnae

523 4809 526 4814 ,
556 4751 632 4830 apta
654 4743 748 4810 datur
770 4745 887 4827 durae,
913 4745 1102 4828 dominoque
1125 4750 1251 4810 sacrata
1272 4765 1330 4828 per
1350 4746 1458 4810 orbem
1482 4751 1539 4811 est.

556 4867 655 4932 quare
678 4846 783 4930 agite,
809 4866 828 4911 o
850 4865 1016 4932 proceres,
1042 4846 1168 4912 Christo
1190 4846 1384 4912 famulemur
1403 4852 1548 4911 ovantes.

556 4949 753 5036 praesidium
775 4950 917 5015 lacrimis
939 4950 1077 5016 humiles
1099 4969 1225 5016 oremus
1247 4951 1288 5016 ab
1310 4949 1383 5031 illo,

555 5061 588 5121 ‘et
610 5054 732 5134 veniet,
759 5052 900 5138 confido,
926 5053 1041 5132 citum;
1068 5060 1242 5136 gentesque
1265 5053 1426 5136 malignas

556 5157 735 5243 confringet
757 5157 874 5224 virtute
897 5157 993 5239 deus,
1019 5164 1206 5241 nostrosque
1228 5158 1355 5223 labores

556 5262 721 5347 respiciet,
747 5261 926 5345 nostrisque
949 5261 1039 5327 dubit
1060 5281 1143 5326 nova
1165 5260 1286 5345 gandia
1309 5262 1413 5326 rebus.

244 5490 291 5541 119
310 5491 486 5555 sumpserltT
626 5489 674 5539 180
692 5491 790 5550 agmina
809 5487 915 5549 Mum,
933 5489 1100 5548 agbtmineT
1241 5487 1289 5536 182
1307 5488 1366 5536 lecti
1385 5489 1478 5547 σωροί,
1506 5487 1551 5534 leti
1572 5487 1601 5547 T,
1629 5488 1690 5536 laeti
1710 5488 1787 5539 liuza.

177 5576 223 5626 181
243 5579 378 5640 turbasque
398 5583 409 5626 l
428 5591 473 5638 ua,
494 5584 638 5637 turmasque
657 5576 673 5622 2
690 5591 724 5624 m.
748 5575 768 5622 T
874 5573 918 5623 191
939 5581 1007 5622 cetra
1024 5577 1086 5634 tegit
1105 5573 1194 5634 Mum,
1215 5582 1311 5636 sceptra
1329 5575 1393 5634 regit
1413 5573 1433 5620 T
1539 5573 1587 5622 191
1606 5573 1747 5621 massillbus
1768 5573 1788 5620 T

173 5661 222 5712 103
236 5664 302 5712 letus
315 5667 341 5711 ia
352 5662 402 5710 leto
415 5667 427 5712 1
441 5679 475 5714 m.
488 5667 612 5712 matutam
626 5663 646 5709 Τ
749 5659 799 5709 205
812 5666 931 5710 nentrum
944 5665 971 5710 ia
982 5663 1098 5710 uenturis
1113 5664 1124 5708 1
1138 5675 1172 5710 m.
1186 5665 1309 5708 matutam
1323 5659 1353 5720 T,
1373 5665 1493 5709 uenturos
1506 5683 1537 5694 -
1551 5665 1640 5708 uentos
1654 5657 1790 5707 Mormusm

173 5749 218 5800 211
241 5751 385 5816 susulpluut
404 5749 424 5799 T
528 5747 577 5799 ala
596 5749 655 5798 baec
675 5749 703 5810 T,
725 5760 770 5797 uec
789 5746 867 5797 uua.
982 5745 1031 5796 214
1049 5748 1125 5796 durae
1141 5747 1199 5796 odd.
1221 5748 1305 5808 Belle„
1325 5761 1360 5795 uu
1377 5746 1418 5808 pla
1436 5748 1505 5795 enim
1521 5744 1656 5807 praeferret
1672 5743 1790 5794 debitum

1530 5848 1583 5900 13·
