4546 6420
387 321 392 334 ³
425 380 570 447 XXXIV
1131 373 1386 432 pudorum.-

432 605 560 672 codices
581 609 713 682 nutant,
745 621 876 686 quorum
900 600 956 666 alii
978 600 1147 680 viacense,
1173 599 1229 664 alii
1252 597 1446 680 Vivecense,
1473 598 1528 664 clii
1551 598 1708 664 Iuncense
1730 599 1806 663 litus
1828 597 2059 682 exhibemus.

433 722 525 789 Alios
548 722 635 809 apud
657 722 828 807 scriptores
851 721 960 807 oppidi
982 720 1151 786 Viucensis
1173 719 1343 802 vestigium
1367 726 1486 784 eertum
1513 718 1655 800 nullum,
1688 718 1827 801 vestigia
1854 725 1960 784 autem
1990 738 2062 783 oer-

435 843 560 910 tissima
582 841 693 928 oppidi
714 841 880 908 Iuncensis
903 841 1030 920 inveni,
1055 828 1142 924 quod
1164 860 1226 906 non
1248 838 1342 904 modo
1366 838 1493 924 scriptis
1515 838 1743 904 ecclesiasticis
1766 838 1969 919 Latinis¹⁸³),
2002 839 2063 903 sed

436 984 457 1028 a
480 962 613 1029 Graecis
635 962 732 1028 etiam
755 960 962 1048 scriptoribus
984 968 1193 1032 memoratur,
1227 960 1281 1043 qui
1310 959 1488 1026 litterarum
1511 959 1692 1025 confusioni
1712 959 1761 1025 illi
1788 960 1830 1040 (iu
1845 988 1887 1014 =
1902 959 1943 1040 ui}
1971 959 2062 1024 baud

437 1083 565 1150 obnoxii
594 1102 711 1148 nomen
736 1077 837 1167 Ἰούκη
868 1082 921 1147 vel
946 1076 1065 1166 'lod-paq
1097 1080 1211 1145 melius
1241 1081 1520 1162 servaveruut¹⁸⁴).
1569 1077 1617 1144 De
1647 1079 1709 1144 situ
1736 1078 1845 1164 oppidi
1866 1079 1961 1144 buius
1983 1081 2062 1145 Iun·

435 1204 541 1270 oensis
563 1202 640 1287 quid
661 1207 787 1270 veteres
808 1200 1016 1285 tradiderint,
1048 1199 1208 1282 indagans
1239 1217 1310 1264 cum
1338 1199 1372 1264 iu
1395 1199 1522 1284 scriptis
1544 1199 1770 1266 ecclesiasticis
1792 1200 1993 1284 Byzacenam
2017 1197 2061 1264 ad

437 1323 633 1410 provinciam
661 1321 853 1408 pertinuisse
882 1320 1009 1402 inveni,
1042 1327 1109 1384 tum
1137 1317 1284 1404 Procopii
1315 1339 1333 1384 e
1361 1319 1431 1385 loco
1457 1325 1580 1385 tantum
1610 1320 1742 1402 collegi,
1775 1320 1927 1404 oppidum
1959 1320 2060 1386 fuisse

437 1443 630 1510 maritimum
652 1442 783 1528 Byzacii
811 1440 1047 1522 meridionalis,
1080 1440 1165 1522 quod
1194 1460 1214 1504 a
1235 1439 1448 1524 promontorio
1471 1439 1594 1526 Capitis
1616 1439 1776 1504 Vadorunr
1798 1441 1963 1507 meridiem
1986 1461 2062 1506 ver-

437 1583 492 1630 sus
521 1563 624 1649 spatio
651 1562 740 1627 baud
769 1581 868 1646 parvo
898 1559 1105 1641 distaret¹⁸⁵l
1160 1559 1282 1626 Tamen
1311 1560 1465 1645 oppidum
1495 1560 1555 1626 boc
1584 1561 1739 1626 Iuncense
1769 1561 1869 1626 litoris
1898 1561 2061 1644 Byzaceni

436 1705 509 1751 eum
532 1683 689 1768 Corippeo
718 1681 774 1747 illo
802 1679 920 1766 oppido
941 1679 1092 1746 Vinceusi
1123 1680 1175 1744 vel
1197 1677 1347 1746 qucensi
1377 1681 1488 1746 eodem
1519 1681 1552 1746 in
1574 1681 1665 1746 litore
1688 1681 1748 1746 sito
1771 1681 1966 1747 confundere
1994 1701 2061 1746 non

436 1803 606 1883 auderem,
639 1801 702 1867 nisi
732 1800 887 1866 Ferrandi
917 1800 986 1865 loco
1015 1799 1196 1865 accuratius
1225 1801 1424 1884 examinato,
1456 1801 1512 1866 ubi
1543 1800 1695 1886 oppidum
1718 1801 1876 1867 Vinceuse
1905 1802 1956 1866 vel
1982 1802 2061 1867 Iun-

437 1941 532 1990 ceuse
561 1923 602 1987 ab
633 1941 671 1988 eo
699 1927 910 1988 memoratum
938 1918 1051 2002 luerit,
1085 1929 1116 1986 et
1145 1919 1230 2004 quod
1258 1941 1343 1986 nunc
1371 1921 1440 1988 eius
1470 1922 1639 1987 ruderibus
1668 1941 1783 1986 nomen
1811 1922 1869 2002 sit,
1902 1922 2060 2005 indagare

438 2043 518 2109 mibi
551 2042 745 2125 contigisset.
793 2040 935 2125 Egregia
967 2039 1068 2105 litoris
1090 2041 1250 2124 Byzaceni
1284 2041 1456 2126 descriptio
1488 2043 1568 2108 baec
1601 2042 1688 2126 apud
1720 2041 1918 2108 Ferraudum
1951 2051 2055 2108 extat:

441 2164 518 2228 ‘Est
538 2200 582 2210 —
602 2161 705 2246 inquit
726 2199 767 2209 —
790 2162 823 2226 iu
846 2160 951 2226 medio
973 2160 1086 2225 vadosi
1107 2161 1204 2225 maris
1227 2161 1299 2227 sinu
1328 2162 1554 2227 monasterium
1577 2162 1725 2227 Iuncensi
1754 2162 1839 2228 litori
1866 2163 2056 2247 proximum,

437 2282 634 2350 Bennelensi
663 2289 769 2347 autem
798 2281 940 2346 maxima
970 2300 1009 2345 ex
1038 2286 1128 2365 parte
1157 2281 1357 2364 contiguum,
1390 2281 1444 2346 ubi
1473 2301 1576 2364 neque
1605 2281 1713 2346 hortos
1743 2283 1846 2347 colere
1875 2283 2061 2368 parvissimi
2123 2257 2126 2262 Ι

437 2402 560 2489 scopuli
583 2402 676 2467 limes
699 2400 775 2466 sinit
796 2407 970 2484 augustus,
1003 2420 1106 2484 neque
1136 2400 1216 2486 ligni
1245 2401 1297 2466 uel
1327 2401 1476 2485 potabilis
1506 2422 1609 2486 acquae
1633 2402 1805 2468 consolatio
1828 2401 1942 2469 s'altem
1964 2404 2062 2469 mini-

438 2531 555 2590 stratur
577 2522 712 2606 exigua,
746 2519 803 2586 sed
832 2521 877 2586 rei
905 2520 1068 2602 utriusque
1091 2541 1148 2604 per
1170 2519 1376 2586 brevissimas
1398 2522 1564 2587 naviculas
1586 2521 1728 2604 quotidie
1751 2522 1943 2589 sufficientia
1964 2544 2061 2609 prae-

436 2645 592 2729 paratur'.
640 2642 710 2720 Quo
732 2641 765 2706 in
787 2640 978 2706 monasterio
1008 2637 1130 2723 degens
1152 2639 1344 2724 Fulgentius
1378 2642 1635 2725 ‘expalmatum
1658 2641 1911 2708 loliisflabellos
1935 2644 2061 2728 saepis-

436 2762 517 2830 sime
539 2762 755 2828 contexebat’.
803 2759 895 2826 Notis
921 2760 972 2825 bis
1002 2759 1169 2826 uberrimis
1191 2761 1356 2826 Iuncensis
1383 2761 1484 2826 litoris
1507 2762 1586 2826 situs
1608 2761 1690 2828 bene
1713 2763 1890 2828 denotatur.
1938 2764 2060 2842 Quam-

435 2903 533 2967 quam
559 2889 627 2948 tota
648 2881 779 2966 Byzaoii
808 2879 1029 2946 meridionalis
1057 2901 1112 2947 ora
1140 2881 1223 2947 iuter
1245 2881 1411 2947 Cercinam
1439 2889 1472 2947 et
1493 2883 1644 2967 Tacapeu
1675 2890 1807 2949 extensa
1837 2884 1957 2949 vadoso
1978 2883 2059 2948 mari

435 2995 555 3070 infesta
577 3001 714 3068 naribus
738 3008 797 3083 est,
823 3007 941 3082 tamen,
967 3000 1021 3084 qui
1045 2999 1134 3066 sinus
1157 3001 1257 3065 litoris
1280 3001 1349 3066 eius
1372 3001 1536 3086 scopulum
1558 3003 1846 3088 monasteriumque
1862 3025 1882 3069 a
1896 3004 2060 3069 Ferrando

439 3124 634 3209 descriptum
656 3120 856 3202 continuerit,
882 3121 993 3186 tabula
1014 3120 1231 3206 geographica
1251 3121 1397 3206 inspecta
1418 3142 1510 3187 nemo
1532 3123 1683 3206 ambiget.
1724 3124 1841 3189 Nullus
1857 3124 1940 3190 enim
1956 3123 2061 3208 Syrtis

438 3243 570 3310 minoris
599 3243 697 3310 totius
726 3242 816 3308 sinus
844 3241 969 3306 insulas
998 3242 1155 3322 minutas,
1190 3242 1336 3326 scopulos
1365 3262 1450 3326 aqua
1478 3250 1640 3324 carentes,
1673 3263 1733 3309 nec
1762 3245 1852 3310 silvis
1882 3265 1939 3310 nec
1961 3245 2063 3311 bortis

373 3377 377 3387 ’
440 3365 635 3432 sufficientes
665 3361 804 3428 continet
833 3360 896 3426 uisi
925 3361 971 3442 is,
1005 3361 1060 3443 qui
1092 3361 1174 3445 ‘bay
1196 3361 1232 3426 ol
1251 3361 1422 3427 Surkeuis’
1452 3363 1485 3427 in
1513 3362 1624 3428 tabula
1646 3363 1783 3448 Anglica
1804 3365 2060 3446 commoturus).

438 3486 568 3552 Insulae
591 3482 747 3550 Surkenis
777 3481 874 3548 hodie
900 3479 1047 3546 desertae
1071 3487 1160 3560 sunt,
1195 3479 1253 3545 sed
1282 3481 1315 3546 in
1344 3481 1473 3566 scopulo
1502 3501 1660 3566 perparvo
1687 3483 1814 3549 aedium
1844 3487 2057 3568 antiquamm,

438 3603 634 3685 monasterii,
661 3603 694 3669 ni
716 3602 822 3683 fallor,
849 3599 1053 3664 aFerrando
1076 3599 1242 3666 memorati
1264 3600 1379 3666 rudera
1402 3605 1584 3686 exuntuu.
1625 3605 1694 3669 lam
1717 3625 1800 3686 vero,
1828 3606 1855 3670 si
1877 3604 1962 3671 litori
1983 3605 2061 3670 Iun-

439 3725 527 3792 censi
548 3725 601 3790 vel
623 3721 774 3787 Vincensi
796 3720 974 3805 proximum
997 3719 1097 3785 fuisse
1121 3719 1225 3784 sinum
1248 3719 1420 3800 vadosum,
1453 3721 1486 3786 in
1514 3743 1577 3804 quo
1607 3725 1829 3790 monasterium
1859 3726 1942 3792 illud
1964 3728 2059 3792 situm

440 3853 536 3928 esset,
561 3843 765 3910 meminimus
785 3839 950 3924 litorisque
972 3840 1087 3905 insulis
1102 3839 1256 3904 Surkenis
1279 3839 1376 3905 vicini
1398 3842 1469 3906 loca
1492 3842 1678 3926 oppidorum
1701 3847 1901 3929 antiquorum
1916 3846 2062 3929 reliquiis

439 3983 613 4050 conspersa
637 3961 865 4047 perquirimus,
891 3959 1068 4044 propiorem
1091 3961 1214 4026 nullum
1236 3960 1416 4026 inbeuimus
1439 3981 1535 4044 quam
1558 3963 1642 4029 Kasr
1664 3965 1771 4049 Vnga,
1797 3967 1851 4049 qui
1874 3968 1963 4032 locus
1986 3987 2061 4052 sep-

437 4086 626 4152 tentrionem
657 4101 771 4148 versus
794 4103 835 4146 m.
862 4102 893 4165 p.
920 4080 951 4144 X
981 4080 1022 4145 ab
1049 4081 1154 4145 insula
1176 4080 1332 4146 Surkenis
1355 4081 1526 4164 dictatur).
1574 4084 1633 4149 Hic
1656 4085 1805 4176 oppidum
1828 4088 1985 4152 Iuncense
2006 4088 2060 4152 vel

439 4302 683 4312 ιι--ι--..-----,----ι
688 4300 850 4307 -—-—-——·

528 4444 584 4508 182)
604 4445 724 4494 l'erraud.
743 4445 788 4493 rit.
810 4444 939 4504 Fulgentil
957 4443 1019 4492 x1v
1038 4443 1079 4494 29.

527 4546 583 4610 183]
605 4549 682 4618 Locos
706 4561 805 4608 omnes,
831 4548 923 4609 quibus
948 4547 1064 4608 oppidum
1091 4547 1228 4609 episcopale
1252 4546 1389 4609 luneense,
1419 4547 1550 4596 concilium
1574 4548 1696 4598 Iuneeuse
1719 4551 1749 4598 ab
1773 4552 1895 4613 episcopis
1917 4553 2061 4614 provinciae

437 4635 579 4694 byzacenae
591 4649 614 4684 s.
629 4633 678 4683 524
690 4635 813 4694 habiturn,
833 4633 943 4696 episcopi
956 4633 1093 4682 luncenses
1112 4639 1229 4696 quattuor
1247 4641 1422 4695 memorantur,
1445 4633 1578 4692 diligenter
1589 4633 1689 4698 collegit
1701 4636 1818 4684 Morcelli.
1845 4639 1928 4686 ulrice
1941 4637 2030 4686 Cbrist.
2047 4639 2060 4686 1

438 4737 464 4786 p.
487 4719 618 4771 192193.

526 4822 582 4886 1841
603 4824 671 4873 Proc.
691 4824 717 4872 b.
737 4822 818 4871 Vand.
839 4823 851 4868 l
872 4821 902 4871 15
918 4811 1014 4890 'ludam
1052 4821 1145 4870 Notitie
1170 4823 1355 4884 episcopatuum
1374 4822 1467 4872 Graeca
1491 4837 1548 4871 eum
1565 4824 1688 4874 Hieroclis
1708 4825 1858 4884 Synecdemo
1883 4826 1950 4876 edita
1966 4842 1981 4874 a
1999 4827 2061 4876 Piu-

437 4909 495 4960 dem
513 4916 539 4958 et
556 4910 676 4969 Pertbeyo
693 4908 802 4957 Berollnl
822 4906 887 4957 18116
905 4922 930 4970 p.
947 4905 988 4957 18.
1023 4899 1127 4976 'lolquq
1150 4901 1283 4978 (Ἐπαρχὶα
1301 4902 1452 4976 Βνῑακ1ης1.

524 5013 581 5076 185)
602 5013 671 5062 Prot.
692 5014 715 5060 b.
736 5011 818 5060 Vsud.
837 5013 850 5060 1
871 5011 902 5061 15
920 5011 1056 5061 Archelaus
1075 5025 1107 5060 ne
1125 5012 1155 5060 td
1173 5011 1255 5074 Caput
1272 5013 1400 5062 Vedorum
1419 5013 1554 5062 Reliurlus
1573 5027 1648 5061 naues
1664 4993 1787 5077 appellet,
1808 5015 1957 5064 dissuadens
1974 5011 1991 5082 ἢ
2011 5013 2061 5066 οὐκ

436 5096 564 5170 ἀκηκόατε
582 5126 616 5137 -
633 5099 718 5162 inqult
734 5123 768 5134 -
786 5095 821 5153 ὧς
844 5094 939 5166 ταύτην
965 5096 1011 5165 μὲν
1034 5096 1080 5164 τὴν
1105 5095 1185 5164 ἀκτὴν
1210 5096 1282 5149 ἐννέα
1299 5095 1403 5166 ἡμερῶν
1424 5096 1499 5160 ὁδὸν,
1524 5095 1591 5167 λέγω
1610 5097 1638 5150 δὲ
1656 5097 1691 5157 εἰς
1706 5093 1809 5169 Ἰτύκην
1828 5097 1858 5153 ἐν
1877 5095 2059 5172 Καρχηδόνος,

434 5183 588 5238 κατατείνειν
608 5181 692 5255 φασὶν,
712 5179 831 5250 ἀλίμενόν
849 5197 877 5232 τε
896 5181 1025 5242 παντελῶς
1044 5180 1253 5241 obscoenitate
1271 5181 1374 5252 ἀνέμοις
1392 5178 1451 5234 ὅθεν
1472 5180 1502 5235 ἂν
1521 5182 1696 5236 &siccescens
1715 5185 1881 5254 lusstptsqs3

525 5287 579 5350 186)
603 5287 735 5338 blebedleb
752 5293 778 5336 to
795 5287 843 5336 Res
862 5285 1008 5336 ldalrbebez.
1029 5287 1134 5335 London
1151 5287 1286 5350 publisbed
1305 5295 1331 5336 et
1349 5288 1392 5336 the
1410 5289 1547 5349 Admirslty
1567 5285 1609 5337 5²h
1628 5290 1712 5339 March
1733 5291 1807 5341 18111.
1828 5291 1873 5340 No.
1893 5290 1952 5342 219.

523 5390 578 5454 181]
600 5393 632 5440 In
650 5393 742 5452 exigua
759 5390 865 5452 quedem
884 5404 916 5438 ex
934 5389 1025 5439 insulis
1044 5389 1167 5440 Snrlrenle
1185 5391 1270 5440 tabule
1288 5390 1393 5452 Anglics
1414 5393 1512 5440 ‘ruins'
1530 5399 1607 5442 notet.

523 5493 580 5556 188)
600 5495 665 5544 Kssr
682 5497 755 5556 Vnga
772 5493 891 5543 viderunt
907 5499 933 5543 ct
952 5495 1139 5556 desumpserunt
1156 5493 1284 5544 Grenvllle
1303 5495 1416 5558 Temple.
1445 5496 1598 5545 Excursions
1616 5497 1642 5544 in
1662 5497 1705 5546 the
1723 5497 1931 5548 Mediterraneum.
1958 5499 2060 5561 Alglers

433 5581 585 5630 andTunis.
612 5581 713 5630 London
729 5579 830 5630 183511
849 5583 874 5643 p.
891 5579 948 5630 120.
964 5578 1022 5629 121.
1053 5581 1084 5628 V.
1100 5580 1196 5629 (lutrio
1209 5582 1307 5642 Voycge
1320 5583 1386 5630 ereb.
1403 5582 1464 5630 dans
1476 5583 1500 5629 la
1514 5584 1563 5643 τός.
1579 5583 1610 5632 de
1624 5583 1764 5646 Tunlslp.
1784 5583 1913 5636 lutros.
1945 5587 2058 5636 Aliorum

433 5667 535 5715 aedium
553 5668 620 5715 inter
638 5667 725 5716 rudera
744 5667 859 5715 basilicae
877 5667 1012 5726 Byzantius
1030 5667 1094 5714 muri
1113 5668 1257 5716 eticmuunc
1275 5669 1397 5717 omlnent.
