4576 6428
434 395 513 462 VIII·
1124 393 1350 452 PRAEFATIO.

434 659 476 669 -
498 633 531 685 nt
552 623 674 685 doneneo
693 629 884 704 conseram,
911 624 969 689 sed
992 623 1085 690 lectio
1107 625 1346 700 reservantibus,
1371 624 1404 688 io
1427 622 1559 706 querci
1583 623 1679 689 cardo
1700 623 1851 707 verlino,
1877 630 1962 688 recte
1987 643 2054 691 ser-

433 748 510 806 vata
532 747 590 808 est.
613 743 694 826 -Ι,
722 747 762 807 16
784 747 902 808 anoton
925 747 1025 808 redbnc
1046 755 1080 808 44
1099 765 1176 827 pers
1198 747 1375 808 clericorum
1401 793 1408 807 .
1436 793 1442 807 .
1468 747 1562 808 antlia
1586 746 1761 808 truderetur
1788 747 1974 837 (tradrrelar
1992 747 2052 830 Rp,

433 869 467 927 at
488 883 520 926 v.
544 861 570 943 Ι,
590 865 642 927 tt.
668 864 727 947 ΠΙ,
748 866 800 927 et.
825 864 916 930 Peos.
943 869 988 948 tl.
1034 865 1060 946 1,
1091 867 1129 928 48
1151 864 1221 930 loco
1243 865 1411 930 verborum
1444 865 1571 948 ‘quibus
1601 868 1651 929 ille
1677 887 1735 947 per
1758 869 1977 930 internuntium
2000 889 2056 932 ra-

434 983 501 1045 bido
524 986 716 1065 respondisse
738 1005 790 1046 ore
808 986 1023 1082 probatar'll
1045 1005 1067 1069 p
1088 983 1168 1051 nihil
1190 985 1310 1052 hebent
1330 984 1393 1050 nisi
1414 985 1474 1050 hoo
1499 986 1624 1068 ‘petbus
1646 987 1727 1050 deaii
1749 989 1834 1048 reso'.
1880 986 1906 1070 1,
1933 990 1974 1052 tt
2000 991 2055 1054 boc

435 1107 513 1166 enim
533 1107 751 1187 persecutionis
772 1125 873 1189 penus
890 1106 1037 1190 epotatus·
1062 1156 1069 1169 .
1090 1153 1118 1184 .,
1143 1116 1177 1169 ut
1196 1110 1320 1189 piorum
1339 1127 1445 1169 444444
1468 1107 1581 1170 talibus
1603 1108 1726 1170 insidiis
1748 1109 1906 1185 interiret;
1928 1108 1961 1173 in
1983 1111 2011 1174 R
2033 1132 2053 1195 p

434 1223 477 1288 ad
499 1225 618 1316 vocab,
635 1229 853 1307 persecutionis
874 1225 1117 1310 interpolatione
1139 1226 1305 1292 anicetum
1323 1233 1388 1291 est:
1423 1236 1562 1309 ternpore.
1609 1226 1634 1306 1,
1663 1229 1704 1290 28
1733 1227 1954 1310 corrigendum
1983 1237 2047 1296 est:

434 1347 593 1408 ordinator
608 1348 759 1430 quondam
782 1351 940 1410 memorati
962 1349 1138 1424 sacerdotis,
1164 1352 1283 1410 4444444
1302 1349 1411 1410 reama
1425 1353 1500 1428 eta,
1525 1346 1549 1410 i.
1567 1366 1596 1412 e.
1615 1347 1749 1429 lionam,
1775 1346 1829 1431 qui
1845 1357 2052 1417 memoratum

435 1464 632 1532 sacerdotem
647 1466 806 1548 quondam
822 1466 1005 1533 instituerat
1018 1474 1114 1550 atque
1129 1474 1388 1544 marcomerem
1406 1466 1440 1531 io
1456 1469 1484 1532 R
1498 1489 1519 1553 p
1535 1474 1663 1553 propter
1677 1468 1749 1534 leve
1764 1467 1875 1536 vitium
1890 1474 2053 1536 ordbratnr

436 1605 534 1670 prove
556 1593 730 1652 annornm
752 1593 818 1652 est:
849 1590 1012 1651 ordinatur
1033 1589 1186 1672 qnondam
1208 1592 1374 1653 sacerdotio
1396 1592 1515 1652 eramiae
1541 1591 1676 1652 Tleomas.
1724 1589 1750 1670 I,
1777 1592 1813 1652 31
1847 1591 1988 1652 Mooee'oeo
2009 1623 2052 1634 -—

436 1726 566 1789 4444444
581 1711 641 1769 tan
657 1709 710 1769 deo
726 1717 853 1771 sacrata
874 1709 927 1790 (se.
945 1716 1021 1792 erat)
1045 1747 1082 1756 —
1099 1711 1252 1773 borennas
1266 1713 1390 1792 nuptias
1412 1711 1566 1792 refutabat
1585 1711 1791 1792 (nmosimapue
1806 1712 1867 1772 iam
1882 1713 1942 1774 etc.
1960 1707 2050 1791 Rp.

436 1825 462 1909 1,
490 1829 529 1889 34
551 1827 692 1910 pessima
714 1826 871 1912 scriptino
893 1829 1024 1912 volgata
1053 1829 1099 1895 sic
1121 1828 1324 1896 emendenda
1353 1835 1419 1896 eet:
1453 1840 1525 1912 past
1550 1831 1604 1893 tac
1632 1839 1756 1894 4444444
1785 1833 1929 1895 nenena
1956 1829 2053 1892 darm

435 1949 586 2009 crestodioe
609 1949 783 2031 cuspidique
804 1951 923 2012 erudeli
943 1953 1128 2013 eaeteneleur.
1177 1951 1257 2016 Cum
1287 1950 1392 2016 scriba
1420 1950 1549 2033 quidam
1579 1970 1642 2015 non
1671 1949 1886 2016 intellexisset
1914 1953 2053 2012 montoso

435 2084 506 2132 esse
529 2086 643 2132 nomen
665 2069 844 2152 proprium,
876 2069 909 2134 in
940 2071 968 2134 R
990 2090 1157 2156 perperam
1186 2053 1360 2137 coriectom
1382 2077 1447 2136 eet:
1480 2081 1626 2135 artaretur
1654 2079 1687 2136 et
1715 2073 1934 2134 moereantur.
1963 2069 2050 2152 -1,

437 2189 476 2252 38
500 2190 570 2250 4444
592 2189 651 2250 sibi
672 2191 703 2251 in
726 2201 853 2274 anpusto
873 2191 966 2274 sapae
994 2193 1110 2274 (farore
1132 2193 1168 2276 R)
1196 2196 1403 2275 unusquisque
1426 2196 1468 2254 ita
1491 2193 1638 2255 dicebam.
1684 2191 1711 2274 1,
1736 2194 1777 2254 49
1801 2193 1925 2254 otloenil
1945 2193 2055 2253 natur

408 2383 409 2386 Ἴ
435 2309 476 2370 ad
504 2310 601 2370 locam
626 2358 632 2370 .
654 2356 661 2370 .
687 2314 847 2374 conscissis
876 2313 1008 2376 oestebns
1031 2317 1172 2396 crineque
1193 2315 1306 2387 soluto,
1339 2332 1439 2375 seeum
1474 2315 1571 2395 (seque
1593 2313 1628 2393 R)
1664 2311 1874 2375 comitantibus
1894 2312 1967 2392 filiis
1990 2315 2051 2376 ete.

435 2426 477 2510 ΙΙ,
503 2431 523 2490 2
546 2431 746 2493 deridentem
769 2433 931 2509 licentiam,
956 2437 1070 2495 Zenone
1092 2436 1273 2514 imperatore
1295 2441 1383 2515 atque
1408 2434 1544 2494 Placidia
1566 2434 1674 2494 retecta.
1698 2433 1815 2512 Olybrii
1844 2429 1876 2512 (i.
1901 2449 1931 2495 e.
1956 2427 2054 2494 vidua

434 2547 487 2630 0.,
512 2549 539 2612 R
561 2570 582 2633 p
604 2568 645 2618 ex
666 2549 927 2635 interpolatione:
957 2573 1014 2635 per
1036 2553 1133 2616 edicta
1157 2553 1204 2634 Ο.)
1232 2553 1409 2635 repentibus
1432 2545 1539 2616 rateto.
1587 2550 1629 2630 ΙΙ,
1661 2557 1696 2614 10
1719 2553 1772 2614 nbi
1794 2555 1848 2614 isto
1870 2551 1955 2614 modo
1982 2550 2055 2631 fidei

433 2669 602 2752 infrinpere
623 2691 684 2733 non
706 2674 804 2736 valuit
824 2693 946 2736 murum
974 2674 1080 2756 (allum
1102 2672 1130 2735 R
1152 2673 1181 2756 p)
1209 2678 1268 2736 eto.
1316 2671 1357 2753 ΙΙ,
1385 2673 1425 2736 32
1460 2674 1491 2733 in
1513 2691 1574 2752 pera
1595 2673 1811 2752 constipatione
1832 2671 1990 2732 secedendi
2011 2672 2053 2732 od

433 2792 577 2852 44444444
606 2791 735 2873 officinm
762 2795 851 2856 niella
880 2795 958 2855 ratio
981 2793 1097 2855 sinebat
1119 2795 1191 2870 loci,
1228 2792 1281 2854 sed
1303 2801 1440 2854 stercora
1461 2801 1487 2854 et
1510 2795 1634 2854 retinam
1658 2791 1764 2852 ibidem
1784 2789 1938 2872 faciebant
1964 2789 2053 2872 (ster-

318 2893 321 2900 ⁴
433 2912 513 2972 coris
528 2919 556 2973 ot
570 2913 680 2974 444444
702 2912 775 2996 Rp,
802 2911 887 2978 unde
910 2915 1006 2976 lacurn
1028 2914 1170 2976 stercoris
1193 2921 1221 2976 et
1240 2915 1352 2975 urinae
1374 2911 1472 2994 vulgo
1493 2909 1738 2995 ineptissimi.-
1759 2910 1801 2990 ΙΙ,
1828 2913 1868 2976 35
1892 2911 2054 2974 artabatur

435 3031 592 3094 multitudo
615 3033 657 3094 ad
678 3034 875 3108 currendum,
903 3043 937 3096 ut
958 3033 1012 3094 nbi
1031 3033 1171 3096 cannabo
1199 3034 1261 3115 (ubi
1281 3042 1352 3096 tnnc
1373 3036 1464 3095 nanis
1486 3033 1522 3107 R)
1550 3041 1617 3096 erat
1638 3039 1845 3113 praeparata,
1868 3031 2054 3094 tabarnsan

435 3160 577 3232 caperent
598 3157 794 3216 mansionem.
841 3153 882 3232 ΙΙ,
910 3156 951 3216 46
979 3156 1096 3216 nnllam
1120 3157 1233 3217 inoenit
1254 3155 1419 3216 4444444444
1443 3156 1601 3216 imminens
1623 3153 1799 3228 calamitas,
1824 3152 1886 3214 nisi
1907 3173 1928 3214 a
1950 3161 2053 3214 sancto

434 3274 566 3355 Eupenio
588 3275 797 3354 rationabilis,
831 3276 861 3337 si
880 3294 932 3336 eor
960 3274 1129 3337 barborum
1158 3275 1344 3354 molliretur,
1378 3276 1569 3359 suppetenda
1591 3275 1719 3336 daretne·
1742 3274 1798 3336 tali
1818 3281 1960 3336 amoena
1983 3293 2054 3334 con-

435 3396 559 3475 scripta.
607 3391 658 3457 Ad
680 3393 792 3458 vocab.
817 3396 1008 3458 rationabilis
1030 3393 1063 3458 in
1085 3395 1114 3458 R
1134 3415 1156 3479 p
1177 3393 1420 3479 interpolatione
1442 3394 1602 3462 adiectam
1624 3401 1690 3458 est:
1724 3413 1821 3457 cansa
1843 3395 1910 3455 aisa
1932 3400 1985 3454 est.
2010 3427 2053 3436 -

434 3511 477 3594 ΙΙ,
503 3517 544 3576 50
567 3533 651 3596 ptem
674 3534 785 3590 secum,
811 3535 964 3598 qualesque
977 3515 1208 3597 baptizaretur,
1233 3516 1276 3577 ibi
1296 3518 1423 3579 detinuit
1444 3516 1479 3576 ob
1500 3516 1564 3591 boc,
1590 3535 1626 3576 ne
1648 3521 1731 3576 tanto
1754 3513 1900 3574 miraculo
1921 3513 2052 3592 popalus

435 3637 586 3696 incitatus
608 3637 709 3697 airum
732 3643 906 3708 4444444444,
931 3639 985 3718 qui
1005 3645 1161 3718 receperat
1184 3638 1294 3699 bremen.
1342 3635 1421 3700 Gom
1444 3632 1672 3718 inarohetypo
1694 3630 1837 3695 familiae
1859 3630 1946 3693 Rrec
1972 3629 2054 3713 (post

436 3753 471 3814 ab
492 3753 554 3834 tac)
581 3753 645 3819 leri
666 3773 773 3821 errore
794 3755 946 3820 omissum
969 3762 1070 3838 esset,
1102 3756 1190 3821 loous
1218 3754 1463 3839 interpolatione
1485 3753 1532 3818 sic
1553 3751 1701 3818 foedatae
1726 3757 1790 3816 est:
1828 3751 1862 3814 ob
1890 3750 1943 3812 tac
1970 3759 2052 3812 tanto

436 3877 583 3937 miraculo
604 3877 734 3957 populus
756 3879 907 3940 eoecitotus
930 3879 1125 3959 comprimere
1146 3871 1267 3953 airum,
1299 3877 1354 3959 qai
1373 3883 1529 3957 receperat
1558 3875 1676 3950 tannen,
1708 3880 1855 3953 coeperat.
1903 3869 2052 3936 neonae

436 4012 561 4076 qnoque
582 4013 685 4078 seque
707 4001 804 4077 atque
825 3995 858 4061 in
881 3996 963 4061 BLV
985 3996 1018 4060 in
1040 3997 1090 4081 Rp
1113 3995 1403 4080 deprehenduntur,
1429 3994 1518 4059 velot
1538 3994 1565 4077 Ι,
1594 3997 1631 4056 14
1647 3991 1923 4077 postausuparent
1937 3989 2054 4056 desunt

435 4115 548 4180 verba:
576 4118 819 4199 andrapone
839 4119 995 4199 proposita
1017 4121 1107 4180 entre
1128 4117 1299 4193 tardarent,
1324 4118 1409 4179 servi
1427 4119 1567 4197 perpetui
1587 4121 1789 4177 remanerent.
1829 4109 1855 4192 Ι,
1876 4113 1914 4173 44
1941 4115 2053 4195 sapitta

439 4236 482 4317 [in
503 4237 633 4320 9444444]
660 4239 812 4302 introlatus
837 4288 844 4300 .
867 4285 873 4299 .
898 4245 1036 4300 mortuns
1062 4246 1130 4320 post
1151 4237 1256 4300 cecidit
1277 4239 1352 4319 ipse.
1398 4235 1430 4318 Ι,
1457 4239 1497 4298 50
1528 4238 1579 4298 cui
1605 4235 1655 4296 ille
1683 4233 1733 4296 Iob
1762 4234 1862 4296 sancti
1886 4232 1975 4314 [voce]
2002 4253 2054 4294 re-

436 4357 566 4438 spondit.
613 4357 655 4438 ΙἸ,
682 4359 702 4419 2
729 4366 856 4440 propter
884 4360 962 4441 quod
991 4361 1088 4441 mape's
1122 4358 1329 4438 [laudabilior]
1363 4365 1546 4419 memoratas
1575 4363 1725 4436 tprannns
1747 4353 1917 4416 videbatur.
1965 4351 2052 4434 ΙΙ,4

437 4477 565 4539 liberum
580 4477 744 4540 arbitrium
757 4477 872 4542 bebetis
887 4481 920 4542 in
935 4479 1065 4542 caelenis
1081 4481 1191 4542 vestris
1210 4481 1322 4540 missas
1345 4496 1435 4560 apere
1456 4479 1503 4540 444
1525 4484 1660 4540 tractare
1686 4476 1724 4557 [et
1738 4494 1814 4558 qaae
1836 4475 1910 4557 lepis
1932 4483 2054 4536 vestrae

436 4607 509 4660 sont
529 4598 778 4680 peemadmodum
799 4601 893 4664 uultis
911 4599 1040 4681 sacerd.
1087 4599 1136 4681 Π,
1164 4602 1205 4663 to
1236 4601 1269 4661 in
1288 4601 1457 4681 provinciis
1479 4620 1500 4660 a
1521 4599 1574 4660 deo
1596 4595 1681 4660 nobes
1703 4597 1851 4659 concessis
1873 4595 2053 4658 scandatum

436 4737 501 4780 esse
521 4720 681 4781 nolumus:
716 4719 817 4801 [quasi
837 4721 949 4783 diceret
971 4723 1001 4781 in
1021 4723 1188 4801 provintiis
1211 4721 1325 4782 nostris
1353 4719 1513 4782 eatboliaos
1541 4737 1606 4782 esse
1631 4715 1797 4797 nobemasl.
1843 4713 1886 4797 ΙΙ,
1913 4719 1950 4778 61
1985 4715 2054 4777 Plri-

437 4840 525 4920 lippe,
551 4842 604 4922 qui
624 4859 670 4902 me
692 4841 783 4920 vidit,
809 4841 885 4903 vidit
907 4849 934 4903 et
951 4849 1082 4922 patrem.
1134 4841 1286 4923 lquomado
1315 4849 1348 4902 ta
1376 4841 1473 4903 dicis:
1502 4839 1622 4902 ostende
1647 4837 1722 4901 mebi
1743 4837 1894 4919 patrant]
1942 4833 1983 4915 11,
2011 4837 2051 4898 66

437 4979 510 5021 nam
532 4961 561 5022 si
582 4961 709 5023 alternes
724 4981 752 5052 o
770 4970 861 5043 patre
882 4961 1070 5024 substantioe
1092 4969 1153 5037 est,
1190 4962 1253 5042 [aad
1279 4979 1371 5022 oeros
1397 4960 1490 5041 filius]
1522 4979 1583 5021 non
1613 4967 1658 5022 est
1689 4959 1770 5040 [ont,
1801 4958 1880 5040 qaod
1900 4954 1987 5036 nefas
2009 4963 2053 5016 est

436 5080 553 5156 444444,
578 5083 697 5162 separor
719 5090 810 5144 natas
832 5091 886 5145 est.
920 5081 1086 5162 artenia]
1113 5099 1205 5143 verus
1224 5082 1320 5162 filnes,
1355 5083 1433 5143 sicut
1454 5080 1602 5142 lebannes
1625 5081 1678 5141 ait.
1717 5077 1761 5160 11,
1788 5079 1826 5141 67
1851 5095 1920 5158 erpo
1942 5077 1971 5138 si
1992 5075 2052 5137 ali-

436 5201 516 5262 unde
537 5199 739 5264 snbstaaliam
760 5202 856 5281 tabet,
886 5203 933 5282 [de
951 5211 1041 5283 patre
1062 5201 1171 5282 tabell.
1219 5200 1261 5284 11,
1289 5202 1328 5265 68
1352 5202 1459 5263 divina
1480 5203 1559 5262 enirn
1580 5201 1733 5283 pancratio
1756 5196 1973 5260 inenarrabilis
1996 5204 2049 5276 est,

437 5341 496 5384 non
519 5321 707 5405 ipnorabilis.
754 5324 835 5404 inam
857 5341 952 5404 44444
974 5341 1006 5384 44
1027 5341 1088 5383 444
1110 5330 1154 5384 est
1176 5322 1365 5405 ipnorabilisl
1391 5329 1452 5387 ete.
1469 5357 1512 5366 -
1527 5320 1569 5402 ΙΙ,
1596 5322 1636 5384 85
1659 5322 1786 5402 propter
1806 5315 1937 5380 verbum
1958 5335 2053 5397 proo-

436 5445 516 5505 see're
537 5441 626 5508 brevi
647 5441 816 5506 intervallo
836 5441 886 5508 bis
908 5440 1045 5526 posituro
1068 5441 1101 5505 in
1123 5443 1151 5505 R
1171 5463 1193 5527 p
1215 5448 1280 5507 tres
1302 5460 1413 5508 versus
1435 5441 1545 5506 omissi
1568 5445 1650 5506 sant.
1698 5437 1740 5520 Il,
1766 5439 1806 5500 97
1831 5437 1976 5512 adorate,
2003 5439 2052 5498 tn-

436 5566 516 5645 quit,
552 5563 713 5627 scabellum
743 5563 853 5644 pedum
881 5566 957 5624 eins.
1008 5565 1055 5643 ist
1081 5565 1236 5646 relipionis
1265 5572 1309 5626 est
1336 5564 1468 5625 eolorare
1496 5563 1659 5625 scabellum
1684 5560 1795 5641 pedam
1818 5559 1906 5638 eius]
1941 5565 2052 5640 paterno

437 5687 534 5766 acopis
556 5686 740 5766 relipebsnm,
766 5685 795 5745 si
815 5687 879 5745 eius
901 5686 1029 5766 spiritns
1051 5685 1221 5746 artaretur?
1242 5681 1320 5749 ibid.
1347 5686 1375 5745 si
1397 5685 1497 5766 (torpeti
1518 5702 1584 5744 oreta
1607 5683 1732 5762 eupiunt
1755 5683 1903 5761 aspicere,
1932 5679 2052 5760 [querente
