4508 6434
1149 391 1298 446 COlthPl

799 578 980 663 iunipernm
1004 577 1087 645 ferro
1103 577 1251 643 -validam
1274 577 1398 660 suffigit
1419 565 1523 644 acuto.

800 688 970 764 caetraqne
993 700 1091 766 saepe
1114 681 1195 745 levis
1218 679 1297 746 duro
1319 680 1405 747 iacet
1427 682 1556 747 horrida
1579 681 1673 747 dorso

800 791 857 848 aut
879 783 971 848 lateri
994 803 1152 868 suspensa
1175 783 1271 848 eadit.
1319 784 1510 859 substrictus
1532 793 1566 850 at
1588 784 1658 869 ipse

800 905 908 951 mucro
930 884 1105 951 fulmineus
1127 886 1221 951 laevo
1245 883 1407 970 dependet
1429 887 1470 952 ab
1493 907 1593 951 armo.

800 989 918 1072 quique
940 989 1041 1053 Vadis
1063 988 1172 1072 tepido
1195 1007 1319 1054 messes
1341 989 1393 1054 bis
1415 989 1527 1055 tondet
1547 990 1582 1054 in
1604 1010 1688 1054 anno

800 1092 932 1156 Maurus
953 1110 1068 1172 arans,
1094 1091 1169 1157 hino
1191 1091 1379 1176 perstringit
1400 1099 1433 1157 et
1453 1091 1575 1158 hordea
1597 1093 1721 1166 culmo,

802 1195 882 1274 heu,
909 1193 986 1258 furit
1006 1194 1040 1259 in
1063 1194 1149 1258 sicca
1170 1193 1293 1259 Phoebi
1316 1193 1485 1259 candentis
1507 1194 1641 1260 harena.

801 1303 939 1380 quantus
960 1316 1050 1361 amor
1070 1296 1228 1381 praedael
1277 1296 1434 1362 toleratur
1455 1296 1599 1362 fervidus
1621 1297 1733 1374 ardor,

802 1400 1014 1482 sufferturque
1036 1399 1139 1464 fames
1161 1407 1316 1465 terrarum
1340 1407 1514 1483 aestusque
1535 1400 1669 1484 sitisque

803 1503 915 1567 Martis
937 1522 1044 1568 amore
1067 1501 1127 1568 feri
1148 1502 1316 1586 turpisque
1339 1502 1488 1586 cupidine
1511 1503 1605 1568 lucri.

888 1606 954 1671 iarn
977 1604 1067 1670 fortis
1089 1623 1263 1689 properans
1286 1604 1404 1670 densos
1426 1605 1587 1671 exercitus
1610 1605 1719 1671 hostes

804 1709 964 1774 montibus
986 1708 1020 1773 in
1042 1708 1175 1774 summis
1197 1715 1230 1773 et
1251 1708 1388 1773 collibus
1410 1728 1482 1774 esse
1505 1708 1654 1790 videbat,

804 1810 1026 1893 fumantesque
1050 1812 1136 1876 locos
1158 1809 1296 1876 flammis
1319 1807 1482 1894 silvasque
1505 1813 1644 1877 latenter

697 1939 709 1976 ι
804 1915 933 1999 agmine
956 1915 1116 1981 condenso
1138 1914 1262 1980 nullum
1285 1922 1461 1980 monstrare
1484 1935 1649 1980 cacumen.

805 2018 912 2082 omnia
932 2024 1018 2084 tecta
1040 2018 1152 2084 latent.
1199 2037 1262 2082 vox
1285 2017 1426 2102 undique
1448 2037 1547 2084 saeva
1569 2039 1627 2104 per
1652 2039 1749 2084 auras

804 2121 979 2186 indisereta
1000 2127 1102 2185 sonat.
1149 2120 1239 2184 lucos
1262 2119 1424 2204 silvasque
1448 2141 1579 2186 sonoras

806 2229 997 2308 tempestate
1019 2229 1114 2307 putes
1136 2221 1236 2288 nimia
1259 2222 1408 2288 veniente
1431 2225 1570 2307 moveri,

807 2327 897 2391 litore
921 2326 1051 2390 collisas
1073 2324 1260 2409 frangentes
1283 2326 1432 2409 aequoris
1454 2326 1569 2392 undas.

806 2429 882 2494 hinc
902 2428 1053 2494 iuvenum
1076 2429 1211 2510 clamor,
1237 2428 1446 2512 fremitusque
1468 2430 1608 2497 ardescit
1631 2451 1782 2514 equorum

805 2531 881 2597 inde
903 2531 1025 2598 furens.
1068 2532 1214 2597 tremulis
1236 2532 1412 2598 ululatibus
1434 2532 1567 2598 aethera
1589 2541 1708 2599 matres

807 2633 1002 2700 concutiunt.
1050 2632 1153 2700 fervet
1174 2634 1298 2720 trepido
1320 2643 1397 2700 tunc
1417 2642 1503 2702 terra
1525 2636 1674 2702 tumultu.

808 2744 970 2823 pastorum
994 2757 1069 2803 ecce
1092 2737 1182 2802 venit
1204 2736 1334 2820 fugiens
1357 2757 1375 2804 e
1397 2738 1537 2805 vallibus
1560 2759 1677 2822 agmen

807 2841 909 2906 hostis
931 2840 972 2905 ab
995 2840 1148 2906 adventu.
1195 2840 1355 2925 pecudum
1377 2861 1435 2926 per
1456 2849 1549 2926 prata
1570 2842 1698 2909 balatus

808 2951 977 3028 consonat,
1002 2950 1036 3009 et
1058 2944 1160 3010 densa
1182 2943 1289 3030 pulvis
1312 2945 1484 3011 succrescit
1509 2945 1643 3011 harena.

808 3047 872 3112 iam
895 3047 1023 3131 sonipes
1046 3047 1168 3133 campis
1191 3047 1275 3112 laxis
1298 3048 1444 3113 currebat
1466 3047 1619 3130 habenis,

807 3150 927 3234 primus
950 3157 982 3216 et
1004 3151 1157 3216 armentis
1180 3150 1334 3236 praedam
1356 3149 1504 3235 rapiebat
1525 3151 1567 3215 ab
1591 3151 1676 3216 altis.

808 3253 921 3318 obvius
944 3257 1021 3320 ecce
1041 3253 1130 3319 venit
1151 3254 1258 3319 saevis
1280 3253 1322 3320 de
1345 3252 1494 3319 faucibus
1517 3254 1619 3320 hostis

808 3377 915 3438 rarus,
943 3363 975 3422 et
995 3356 1029 3421 in
1051 3356 1141 3421 nulla
1164 3362 1308 3440 comptus
1330 3355 1504 3441 procedere
1525 3362 1631 3420 trunna
1684 3425 1686 3430 ,

808 3460 965 3543 cernitur,
991 3459 1144 3525 adversor
1166 3479 1227 3524 nec
1248 3478 1379 3544 poscere
1403 3457 1546 3524 fervidus
1570 3459 1695 3536 hostes,

808 3563 866 3628 sed
888 3569 1014 3650 tantum
1034 3562 1172 3628 clamore
1195 3560 1283 3627 furit.
1330 3568 1397 3627 turn
1420 3562 1548 3646 tragula
1572 3564 1691 3628 crebris

811 3665 940 3730 nutibus
963 3685 981 3730 e
1004 3664 1096 3730 silvis
1117 3664 1206 3730 acies
1228 3664 1353 3747 agitata
1374 3665 1520 3749 requirit,

808 3769 992 3851 auxilioque
1015 3773 1109 3832 vocat
1130 3768 1310 3832 Maurorum
1333 3788 1421 3833 more
1443 3774 1601 3834 catenas.

810 3872 959 3936 convolat
980 3890 1057 3953 ergo
1080 3871 1166 3936 celer
1188 3870 1291 3956 prima
1312 3870 1355 3936 ad
1378 3872 1554 3936 certamina
1576 3873 1697 3938 Frexes

686 4027 707 4042 ..
809 3975 911 4040 Marte
934 3975 1015 4057 levi,
1041 3979 1228 4054 tantumque
1251 3973 1352 4056 fugax
1374 3981 1519 4040 annenta
1541 3981 1658 4041 tuetur.

810 4084 959 4143 constans
980 4098 1054 4142 narn
1076 4076 1176 4142 nullis
1198 4077 1284 4142 acies
1308 4077 1509 4162 componitur
1528 4078 1639 4142 armis.

896 4201 959 4246 non
981 4187 1088 4246 tamen
1110 4180 1272 4265 inceptum
1295 4179 1366 4245 fuso
1390 4187 1440 4247 est
1462 4200 1533 4246 cum
1556 4182 1714 4264 sanguine
1737 4182 1870 4248 bellurn.

811 4283 965 4349 Geisirith
987 4282 1045 4348 ille
1067 4289 1180 4368 potens
1202 4303 1277 4347 nam
1301 4283 1367 4349 dux
1389 4292 1750 4369 praecesseratagmen

811 4385 950 4452 ductoris
971 4385 1078 4466 iussu,
1105 4385 1236 4470 sapiens
1259 4392 1292 4452 et
1311 4386 1482 4451 Amantius
1504 4407 1586 4470 una,

811 4488 947 4554 hostiles
968 4495 1126 4574 temptare
1149 4488 1253 4572 locos,
1279 4488 1464 4574 perquirere
1477 4490 1590 4582 ¹ualles

811 4599 844 4659 et
866 4592 959 4658 solito
982 4591 1115 4677 planare
1138 4591 1219 4656 vias.
1266 4611 1350 4657 nuno
1371 4612 1492 4676 aggere
1515 4593 1601 4659 celso

811 4698 974 4762 Romanae
997 4695 1114 4760 sistunt
1135 4695 1240 4778 acies,
1267 4701 1444 4779 gentesque
1467 4695 1626 4762 nefandas

810 4805 981 4886 expectant
1001 4798 1118 4882 oculis,
1144 4817 1260 4881 magno
1283 4819 1366 4882 quae
1388 4798 1472 4864 ferre
1495 4800 1650 4882 magistro

811 4909 919 4969 mente
942 4908 1058 4986 gerunt
1079 4901 1189 4967 dubia.
1236 4908 1399 4985 nequeunt
1419 4902 1557 4968 tolerare
1578 4903 1735 4968 tumultus

549 5025 565 5064 ι
668 5032 715 5072 ιιι
811 5026 871 5072 nec
892 5005 1010 5071 densos
1033 5004 1169 5070 lustrare
1192 5003 1289 5069 locos.
1336 5005 1408 5090 quis
1431 5025 1561 5071 cernere
1583 5014 1693 5090 posset

498 5272 545 5321 153
564 5271 758 5334 returnsepeT
857 5266 1105 5328 intrepidanter„
1125 5266 1247 5328 tepideY
1347 5264 1395 5315 169
1413 5265 1652 5328 castamserram,
1672 5267 1835 5340 entusqneT
1933 5267 1982 5318 165
2002 5285 2057 5320 rno-

426 5366 504 5408 strare
528 5357 548 5405 Τ
678 5355 725 5406 tot
744 5356 866 5404 indiserte
887 5353 907 5401 Τ
1038 5351 1086 5401 169
1104 5352 1190 5400 litters
1211 5352 1232 5398 Τ
1352 5351 1433 5411 frangi
1452 5357 1529 5400 uento
1547 5352 1622 5412 Harpe
1643 5352 1746 5401 Micbuel
1881 5353 1929 5404 1ῑο
1948 5355 2017 5404 hunc
2039 5358 2060 5404 T

427 5442 474 5492 iil
492 5429 626 5492 euentuT
727 5442 857 5490 balantum
873 5440 892 5486 Τ
996 5436 1041 5487 181
1061 5437 1157 5497 farguls
1173 5437 1194 5483 Τ
1298 5437 1346 5486 182
1363 5442 1391 5485 st
1407 5436 1427 5483 Τ
1531 5434 1578 5485 181
1597 5438 1751 5487 conuocati*
1860 5437 1906 5488 186
1924 5447 2025 5488 constat
2040 5443 2061 5488 Τ

429 5530 473 5578 18ῖ
493 5531 616 5578 lncetturn
631 5528 652 5576 Τ
750 5526 798 5577 188
817 5525 940 5576 Gelsirith
954 5525 1038 5586 Haupt
1052 5524 1141 5584 Opone.
1159 5525 1383 5585 maragentus
1400 5524 1427 5586 Τ,
1442 5523 1564 5572 Geisiriolr
1579 5523 1658 5573 Muza.
1761 5523 1805 5573 191
1828 5538 1894 5573 nunc
1907 5525 2056 5588 Mommsen,

426 5617 492 5664 luruc
513 5614 541 5674 Τ,
563 5616 611 5663 huc
631 5613 707 5662 Maus.
804 5593 805 5596 Ἴ
830 5610 877 5660 193
896 5615 1043 5672 exspettsut
1063 5610 1083 5656 Τ
1187 5624 1275 5670 magno
1293 5623 1357 5671 quae
1376 5610 1438 5658 ferre
1457 5609 1545 5670 Mass,
1566 5623 1704 5672 magnoque
1722 5612 1787 5658 ferre
1811 5610 1839 5670 Τ,
1858 5624 1997 5672 magnoque
2017 5626 2058 5662 re-

426 5703 488 5752 ferre
505 5701 592 5750 mutim
701 5697 748 5750 195
766 5710 880 5748 eocarere
901 5698 922 5744 Τ
