4508 6434
1188 429 1334 483 CORlPPl

838 619 927 684 nisus
951 619 1189 702 magnanimum
1213 619 1276 683 telo
1298 625 1453 702 teurptare
1476 618 1681 700 magistrum

839 722 896 789 sed
919 729 1086 807 postquam
1110 722 1195 787 vires
1219 721 1352 787 veniens
1375 720 1533 806 persensit
1556 720 1698 803 iniquas,

838 826 950 892 infelix
974 825 1100 892 veniam
1124 826 1283 891 submissa
1305 845 1383 890 voce
1407 825 1552 908 rogabat.

842 933 933 996 ‘ossa
955 949 1013 1014 per
1035 930 1168 994 Euantis
1191 930 1289 1013 digno
1311 931 1393 995 bene
1415 936 1542 1013 compta
1564 927 1726 1012 sepulcro,

839 1054 921 1116 quae
944 1035 1041 1099 talem
1064 1053 1204 1117 genuere
1226 1034 1345 1116 vinum,
1372 1053 1429 1118 per
1452 1032 1592 1097 maxima
1614 1030 1699 1095 Petri

838 1137 924 1203 faeta
946 1137 1054 1202 futura
1075 1137 1139 1216 tui,
1162 1137 1256 1232 'cuins
1278 1137 1341 1202 iam
1366 1137 1452 1202 lama
1474 1156 1531 1221 per
1553 1136 1661 1199 hostes

838 1247 927 1306 tanta
950 1240 1037 1306 volat
1058 1248 1235 1324 gentesque
1258 1242 1344 1307 feras
1367 1248 1399 1306 et
1421 1260 1521 1323 regna
1543 1237 1673 1322 fatigat,

839 1364 958 1429 perque
980 1351 1054 1408 tuae
1077 1344 1202 1408 virtutis
1224 1364 1321 1428 opus,
1348 1365 1410 1427 quo
1434 1344 1535 1408 victus
1557 1343 1705 1425 llaguas,

838 1447 912 1512 lruie
935 1447 1061 1512 animae
1084 1446 1240 1528 concede,
1266 1468 1393 1531 precor,
1421 1455 1492 1531 post
1515 1445 1648 1510 crimina
1670 1444 1784 1524 vitam,

839 1570 953 1634 meque
976 1551 1055 1632 tuis,
1084 1551 1199 1632 vietor,
1226 1571 1320 1616 serva
1341 1558 1414 1634 post
1435 1551 1522 1616 bella
1544 1548 1722 1633 triumphis.

817 1669 914 1718 'nam
936 1655 996 1719 tali
1018 1654 1139 1719 servire
1162 1654 1276 1719 iuvat'.
1323 1675 1386 1737 qua
1409 1674 1486 1720 voce
1509 1651 1647 1718 reflexus

839 1759 972 1824 vulnera
995 1758 1158 1823 continuit.
1205 1759 1297 1824 velox
1321 1764 1428 1822 tamen
1449 1757 1558 1840 illigat
1577 1756 1689 1821 ambos

696 1907 699 1916 .
730 1906 735 1918 .
839 1867 910 1945 post
933 1867 1058 1942 tergum
1081 1861 1254 1946 implicitos
1276 1861 1418 1926 mordaci
1440 1860 1517 1924 fune
1540 1859 1684 1924 lacertos.

925 1964 1011 2028 mitis
1033 1963 1066 2028 in
1088 1964 1242 2029 immitem
1265 1963 1452 2029 Recinarius
1475 1962 1566 2027 irruit
1588 1957 1705 2028 Vrtanc

838 2088 958 2152 perque
981 2067 1039 2132 viri
1062 2075 1173 2152 peetus
1195 2067 1331 2152 rigidam
1355 2067 1441 2133 celer
1461 2065 1588 2151 impulit
1610 2067 1745 2132 hastam.

839 2170 959 2238 canuit
978 2179 1052 2237 ante
1075 2171 1191 2257 pedes,
1219 2171 1296 2237 lrelli
1319 2192 1393 2256 pars
1417 2189 1535 2254 magna
1556 2170 1706 2250 nefandi,

840 2276 1062 2360 magnanimus
1084 2275 1209 2341 iuvenis
1231 2295 1392 2358 nunquam
1415 2276 1585 2360 placabilis
1607 2276 1740 2356 Vrtanc,

838 2388 934 2462 atque
957 2380 1059 2445 solum
1083 2379 1150 2445 diro
1174 2379 1316 2444 foedavit
1339 2380 1506 2463 sanguine.
1553 2368 1672 2445 Medon

839 2483 956 2550 deinde
980 2483 1060 2569 petit
1082 2483 1243 2564 validum,
1270 2482 1380 2548 valida
1403 2504 1496 2565 quem
1521 2483 1652 2569 cuspide
1675 2483 1776 2548 vietor

839 2586 936 2652 deicit
957 2587 1129 2671 impulsum
1152 2585 1343 2670 tepidaeque
1365 2587 1471 2670 infigit
1492 2587 1643 2652 harenae.

840 2689 993 2756 fulmineo
1016 2695 1112 2773 caput
1134 2709 1209 2754 ense
1233 2697 1356 2756 metens
1379 2690 1547 2756 detruncat
1568 2691 1721 2770 alaniae,

839 2801 871 2860 et
892 2793 1018 2877 nigrum
1043 2794 1178 2858 Saooma
1201 2793 1274 2858 ferit
1296 2813 1352 2878 per
1374 2800 1465 2879 prata
1487 2793 1666 2859 cadentem.

713 2943 735 2958 ..
814 2898 961 2964 rhorruit
983 2918 1057 2963 acer
1078 2917 1196 2981 equuS,
1223 2898 1416 2980 mollemque
1438 2898 1567 2963 obtrivit
1588 2899 1740 2963 harenam

840 3003 960 3086 ungula
983 3020 1095 3086 pressa
1116 3008 1202 3067 metu
1225 3002 1386 3085 voluitque
1409 3002 1442 3066 in
1465 3009 1557 3086 terga
1578 3001 1694 3067 redire.

839 3106 897 3172 sed
920 3107 1002 3172 levis
1025 3125 1160 3171 excusso
1183 3104 1371 3170 Recinarius
1394 3106 1460 3170 alta
1482 3103 1613 3189 fiagello

837 3208 897 3276 ilia
920 3207 1104 3274 concutiens
1127 3208 1201 3272 latis
1224 3209 1375 3293 pavidum
1399 3209 1528 3294 impulit
1550 3210 1596 3273 ire

838 3311 1042 3397 cornipedem
1064 3312 1197 3396 campis.
1244 3313 1276 3376 vi
1299 3320 1466 3397 postquam
1490 3333 1605 3398 eorpus
1627 3312 1810 3396 ademptum

838 3416 964 3482 transiit
985 3415 1143 3500 impulsus
1167 3416 1313 3501 sonipes,
1339 3423 1414 3481 tunc
1437 3417 1539 3482 Marte
1563 3417 1702 3482 secundo

838 3521 952 3586 funera
974 3520 1168 3610 convolvens
1190 3527 1222 3584 et
1243 3519 1318 3585 telis
1342 3520 1468 3605 Syrtica
1490 3521 1628 3586 miscens

838 3624 970 3708 agmina
992 3644 1049 3707 per
1070 3623 1152 3688 latos
1174 3623 1331 3688 volitabat
1353 3623 1496 3689 fervidus
1519 3645 1625 3707 agros.

837 3734 913 3793 tunc
936 3727 1072 3793 celerem
1095 3727 1266 3810 prosternit
1288 3727 1373 3791 Afun
1397 3727 1573 3811 fortemque
1596 3727 1809 3794 Nicandrum.

839 3851 1017 3916 asperaque
1039 3830 1138 3894 infixo
1160 3831 1338 3914 geminavit
1360 3831 1493 3896 vulnera
1516 3832 1624 3896 Sucro.

839 3933 914 4000 inde
937 3940 1031 4000 necat
1052 3932 1237 4016 Tenedum,
1264 3935 1440 4016 fortemque
1464 3934 1577 3998 sternit
1599 3936 1759 4000 Eraneun.

840 4055 917 4102 ense
940 4036 1015 4102 ferit
1036 4036 1215 4118 Tinudum,
1242 4037 1370 4121 piloque
1392 4037 1498 4120 infigit
1520 4037 1668 4121 Enipten.

925 4140 1093 4206 Bulmitzis
1117 4140 1287 4205 Tamudan
1310 4148 1402 4206 conto
1426 4141 1557 4224 premit,
1583 4140 1659 4207 inde
1683 4141 1841 4208 bicurdan

840 4245 932 4311 fortis
955 4245 1023 4328 agit
1044 4244 1177 4328 campis.
1224 4245 1324 4310 telum
1348 4251 1518 4328 posterga
1540 4245 1687 4327 rebellis,

840 4369 897 4434 per
918 4349 1015 4414 fibras
1036 4347 1155 4432 pariter
1177 4347 1358 4413 diseinrens
1381 4355 1512 4431 pectora
1533 4349 1628 4433 rupit.
1674 4351 1681 4374 ⁹

840 4453 947 4518 celsus
969 4471 1050 4536 equo
1073 4451 1175 4516 fidens
1199 4451 1300 4516 fertur
1323 4470 1419 4535 super
1441 4452 1571 4534 agmina
1593 4453 1724 4517 Suecur.

840 4556 924 4622 hunc
947 4556 1114 4621 Solumuth
1138 4555 1290 4637 sequitur.
1336 4575 1429 4636 quem
1453 4575 1523 4620 cum
1546 4577 1608 4620 non
1631 4555 1786 4640 prendere
1809 4565 1936 4641 posset,

840 4659 1017 4725 fraxineam
1040 4666 1190 4743 torquens
1212 4678 1270 4743 per
1292 4677 1421 4743 campos
1443 4658 1567 4724 eminus
1589 4659 1715 4725 hastam

840 4762 978 4848 alipedis
1001 4761 1108 4826 valido
1131 4761 1367 4826 transverberat
1388 4760 1446 4826 ilia
1467 4762 1581 4826 ferro..

840 4869 973 4933 vulnere
995 4886 1057 4949 quo
1080 4865 1182 4931 vietus
1206 4864 1334 4949 sonipes
1356 4865 1514 4949 gravitate
1537 4867 1648 4932 ruinae

704 4993 707 5004 ·
732 5016 736 5028 .
841 4968 999 5053 confregit
1021 4968 1193 5033 dominum.
1241 4967 1319 5033 belli
1343 4968 1411 5032 sine
1434 4969 1567 5034 vulnere
1590 4971 1710 5034 Sueeur

840 5071 1005 5138 infelicem
1027 5072 1167 5136 animam
1191 5071 1323 5156 Stygias
1345 5071 1521 5136 transmisit
1541 5071 1584 5137 ad
1607 5072 1746 5137 umbras.

458 5243 864 5252 ---——.--—..-.-—-—..-.—

525 5336 574 5386 576
593 5336 717 5385 Euanthia
730 5337 767 5384 vel
780 5335 872 5383 liuenti
885 5336 974 5382 maluit
989 5333 1065 5384 Maza.
1148 5335 1222 5394 digna
1240 5335 1260 5380 'l'
1363 5333 1412 5382 579
1430 5336 1499 5383 ferax
1518 5334 1538 5380 T
1641 5333 1690 5383 580
1709 5333 1852 5394 ilasgnasT
1959 5333 2011 5382 562
2032 5337 2088 5382 uis»

455 5425 530 5474 tosT
621 5423 795 5486 triumphuni*
900 5420 949 5469 586
968 5422 995 5469 iu
1009 5422 1124 5470 rrlmitem
1137 5420 1307 5470 mainariusl'
1411 5421 1460 5469 589
1479 5422 1628 5482 magnsnlmi
1643 5419 1663 5465 Τ
1768 5417 1814 5468 591
1835 5418 1948 5467 ualidum
1961 5419 2052 5467 addidi

454 5526 528 5574 quern
549 5510 637 5572 ,lfoaa.,
658 5509 765 5572 quael*
870 5507 918 5556 592
938 5507 1072 5556 deiecitT
1184 5507 1232 5556 593
1252 5509 1346 5556 alanus
1367 5509 1396 5568 Τ,
1416 5509 1520 5556 Alantae
1539 5509 1577 5558 cel
1595 5509 1701 5556 Alontas
1719 5507 1805 5554 malim
1909 5505 1960 5554 596
1980 5508 2088 5556 molem-

454 5612 504 5659 que
521 5597 540 5643 'l'
644 5595 694 5646 696
713 5597 806 5656 ungula
820 5595 964 5654 Mammea,
985 5595 1088 5642 uincula
1106 5595 1125 5640 Τ
1227 5599 1295 5642 metu
1311 5595 1341 5657 Τ,
1362 5599 1448 5644 neunt
1467 5592 1545 5642 Muza.
1651 5593 1781 5653 noluitque
1795 5591 1883 5654 Maza,
1905 5593 2089 5654 noluntqueT
2118 5575 2132 5619 .'

456 5683 506 5733 599
527 5682 710 5741 uidlommaca,
731 5681 804 5740 utl’,
826 5679 938 5729 atBelrlr.
1045 5680 1094 5729 605
1113 5682 1203 5728 sternit
1219 5681 1247 5740 Τ,
1263 5682 1381 5729 insternit
1395 5679 1472 5730 Maza.
1579 5679 1626 5728 667
1647 5679 1738 5727 eotoT
1840 5677 1887 5730 611
1909 5679 2085 5740 huncum,

455 5769 545 5821 hucT
649 5767 781 5822 solumutt
801 5769 895 5830 scripsi,
916 5767 1028 5816 solamur
1049 5767 1078 5829 Τ,
1099 5769 1213 5818 sulumur
1231 5769 1289 5832 lepti
1308 5749 1385 5816 Maza.
1492 5765 1772 5824 cuchklt.,dun1T
