4508 6434
1187 391 1335 446 GORIPPI

833 582 922 647 iussa
945 601 1003 665 per·
1025 580 1150 666 imperii
1178 580 1315 662 (videam
1339 565 1385 644 sie
1408 579 1530 645 lumina
1555 578 1639 643 Petri

832 684 1001 750 incolumis
1024 685 1144 749 dilecta
1164 683 1244 749 mei!
1287 682 1494 766 Carthaginis
1516 702 1607 747 arces

833 807 963 853 cernere
986 788 1032 853 sic
1055 787 1158 853 victor
1179 791 1333 868 mereari]
1363 785 1510 851 mercede
1533 785 1678 850 laborum

832 891 940 957 omnia
961 890 1117 956 militibus
1140 890 1296 955 donamus
1319 896 1425 954 costra
1447 889 1603 954 volentes.

833 1015 895 1060 non
918 993 1014 1074 mibi,
1041 1013 1103 1059 non
1126 993 1184 1058 ulli
1207 994 1369 1058 ductorum
1394 993 1521 1058 auferre
1544 991 1659 1066 licebit

833 1099 873 1163 de
896 1098 1018 1184 praeda
1041 1096 1146 1162 sociis.
1194 1096 1313 1162 habeat
1336 1116 1395 1161 sua
1416 1094 1538 1179 gaudia
1559 1103 1668 1179 raptor

832 1201 944 1283 miles,
970 1208 1002 1266 et
1023 1200 1056 1265 in
1079 1199 1215 1285 propriis
1238 1200 1375 1265 laetetur
1396 1198 1507 1264 fortior
1529 1197 1629 1264 ausis.

833 1303 885 1370 eia
906 1302 1012 1385 apere,
1039 1303 1227 1368 oiuvenes!
1256 1303 1433 1384 bominem,
1460 1321 1574 1387 pecus,
1601 1301 1696 1394 obvia
1718 1322 1863 1384 quaeque

832 1406 1028 1492 impediunt,
1054 1405 1338 1489 mactate'truces,
1369 1412 1401 1471 et
1422 1405 1524 1470 limite
1547 1405 1637 1488 largo

833 1509 1005 1596 implicitas
1028 1511 1158 1594 planate
1181 1510 1263 1575 vias.
1310 1529 1371 1592 ego
1393 1509 1516 1593 primus
1539 1507 1643 1586 inibo,

830 1612 919 1696 quod
942 1612 1046 1695 videt,
1073 1619 1109 1678 ut
1130 1613 1229 1678 faciat
1251 1632 1382 1678 securus
1405 1612 1498 1676 miles
1520 1611 1553 1676 in
1576 1610 1666 1676 hoste

832 1717 979 1800 exemplo
1001 1715 1066 1780 iam
1089 1715 1225 1799 quisque
1248 1717 1345 1780 meo'.
1394 1714 1440 1779 sic
1462 1714 1565 1795 futuis,
1593 1715 1715 1798 etipse

832 1826 936 1885 castra
958 1825 1072 1904 petens
1094 1818 1216 1902 primus
1238 1839 1389 1902 magnum
1413 1817 1487 1882 ferit
1510 1837 1587 1883 ense
1610 1819 1786 1898 camelum,

831 1943 895 2007 qua
916 1920 1054 2007 pedibus
1075 1921 1125 1986 vis
1147 1928 1213 1986 tota
1235 1921 1294 1986 feri
1318 1915 1397 1986 la'tet
1418 1921 1516 1986 insita
1537 1921 1657 1986 nervis.

830 2033 905 2091 tune
927 2045 984 2110 per
1006 2031 1175 2107 utrumque
1198 2024 1303 2089 femur
1324 2025 1442 2089 vulnus
1464 2025 1612 2090 transivit
1633 2027 1801 2106 acerbum,

831 2135 864 2194 et
884 2127 1031 2212 geminas
1054 2127 1158 2192 secuit
1177 2127 1304 2192 conciso
1326 2127 1438 2192 robore
1461 2146 1567 2191 coxas.

831 2238 914 2296 retro
937 2231 1001 2296 ruit
1022 2231 1185 2296 revolutus
1208 2231 1296 2295 humi
1320 2231 1454 2296 stridore
1477 2231 1620 2295 camelus

832 2333 992 2415 horribili,
1018 2332 1228 2417 geminosque
1250 2333 1414 2419 impressit
1434 2334 1575 2418 pondere
1598 2334 1743 2416 Mauros,

830 2455 967 2518 ossaque
991 2437 1138 2503 contrivit
1159 2436 1286 2522 quassis
1310 2438 1395 2502 male
1418 2437 1511 2502 mista
1536 2435 1705 2520 medullis,

830 2540 885 2623 qui
909 2539 1001 2605 ducis
1023 2538 1169 2604 honibco
1191 2539 1312 2604 celsam
1335 2545 1454 2604 terrore
1478 2539 1537 2604 sub
1561 2540 1668 2603 alvum

830 2642 1039 2709 condiderant
1061 2661 1132 2708 sese
1192 2642 1309 2709 cecidit
1330 2643 1482 2726 resupina
1504 2643 1628 2708 duobus

830 2767 901 2811 cum
925 2745 1043 2830 genitis
1066 2745 1206 2811 Gaetula
1227 2746 1354 2826 iacens,
1383 2765 1544 2830 supraque
1567 2747 1720 2812 cadentes

829 2849 955 2915 sarcina
976 2850 1053 2913 laxa
1074 2850 1148 2914 ruit.
1198 2849 1313 2915 cecidit
1335 2850 1546 2931 calathusque
1570 2849 1735 2935 lapisque,

828 2973 891 3036 quo
913 2953 1061 3018 Cererem
1084 2951 1216 3036 frangit.
1264 2952 1384 3037 dirupit
1405 2952 1533 3017 vinnula
1556 2952 1680 3038 pondus

828 3055 1039 3138 dissolvitque
1062 3075 1177 3121 moras.
1225 3057 1393 3122 turbantur
1415 3063 1521 3121 castra
1544 3062 1693 3140 repente,

826 3166 923 3240 atque
945 3179 1009 3224 nno
1033 3159 1125 3224 scissi
1149 3164 1322 3243 patuerunt
1343 3159 1476 3224 vulnere
1499 3159 1597 3240 muri,

827 3261 991 3328 subductis
1014 3261 1115 3328 veluti
1137 3263 1238 3327 moles
1261 3263 1391 3327 excelsa
1414 3262 1571 3327 columnis

827 3386 898 3431 oum
921 3365 1027 3431 sonitu
1050 3365 1177 3431 deiecta
1199 3365 1303 3446 eadit,
1331 3365 1535 3447 resolutaque
1559 3365 1648 3432 saxis

825 3468 949 3534 fabrica
971 3489 1089 3552 magna
1111 3468 1197 3534 iacet
1219 3468 1301 3534 latos
1323 3468 1443 3533 diffusa
1465 3489 1522 3552 per
1544 3489 1650 3552 agros.

912 3571 1049 3637 Gentius
1071 3571 1226 3636 adversas
1248 3571 1315 3636 alia
1337 3571 1377 3636 de
1400 3578 1491 3656 parte
1515 3579 1661 3637 catervas

825 3674 939 3740 sternit
960 3674 1066 3754 bumi,
1093 3681 1125 3740 et
1147 3680 1257 3760 ruptos
1280 3675 1439 3740 condenso
1463 3675 1564 3741 milite
1587 3697 1694 3742 muros

825 3778 933 3843 turbat
954 3778 1071 3842 acerba
1094 3778 1213 3842 furens.
1261 3778 1381 3862 pariter
1404 3778 1605 3844 Putzintulus
1628 3779 1745 3844 ardens

825 3878 954 3945 horrida
976 3880 1141 3946 fulmineis
1165 3883 1329 3947 sternebat
1351 3901 1485 3966 corpora
1506 3881 1592 3946 telis.

824 4003 883 4049 ceu
907 3981 971 4048 duo
991 3983 1157 4049 turbantes
1180 3991 1311 4050 currunt
1331 3991 1477 4050 amrenta
1500 3984 1627 4067 leones,

823 4087 997 4171 persuadet
1019 4105 1100 4169 quos
1123 4087 1203 4152 dura
1225 4087 1346 4168 fames,
1374 4086 1422 4152 sic
1445 4107 1562 4153 saevus
1585 4088 1617 4153 in
1641 4090 1750 4155 hostes

823 4189 891 4254 ibat
912 4196 1045 4273 uterque
1068 4209 1159 4255 suam
1183 4189 1370 4274 dirumpens
1393 4192 1525 4256 vnlnere
1548 4198 1683 4275 partem.

823 4293 1010 4360 Fronimutb
1033 4294 1213 4378 oppositum
1237 4293 1387 4359 scindens
1410 4294 1473 4360 ruit
1494 4294 1632 4378 impiger
1654 4316 1789 4380 agmen,

824 4403 992 4480 castraque
1015 4404 1130 4462 cuncta
1152 4404 1268 4463 movet.
1316 4397 1426 4462 densis
1448 4398 1644 4464 Marcentius
1667 4400 1764 4466 annis

823 4498 959 4565 ardebat
979 4500 1096 4565 mediis
1118 4507 1323 4585 prosternens
1345 4501 1477 4584 agmina
1499 4501 1612 4580 fossis,

823 4609 920 4685 atque
943 4603 1036 4668 simul
1061 4603 1190 4669 fervens
1212 4622 1303 4668 roseo
1326 4603 1403 4668 furit
1425 4623 1502 4669 ense
1525 4605 1697 4671 Iohannes.

824 4703 979 4769 adversas
1002 4705 1069 4769 alia
1090 4707 1261 4771 truncabat
1283 4713 1372 4790 parte
1396 4714 1543 4772 catervas

824 4807 945 4874 Cusina
967 4807 1120 4873 Romanis
1143 4809 1422 4892 consanguinitate
1446 4809 1644 4894 propinquus

505 5104 571 5154 1054
589 5107 650 5154 lun
665 5105 685 5151 Τ
792 5105 857 5154 1058
877 5117 925 5152 nou
939 5103 1101 5165 mittitete,
1116 5117 1172 5150 narn
1185 5102 1246 5150 mibi
1264 5103 1284 5149 Τ
1371 5104 1515 5167 irrisisset,
1531 5107 1595 5155 nulli
1611 5108 1640 5166 Τ,
1656 5107 1715 5155 ullis
1730 5107 1808 5155 Maza.
1918 5107 1986 5156 1002
2007 5118 2078 5157 mat-

434 5201 486 5242 tare
508 5194 528 5240 Τ
646 5191 710 5242 1067
729 5206 778 5253 qus
796 5191 883 5250 Bella,
904 5204 953 5252 quo
974 5190 995 5236 Τ
1105 5190 1146 5236 uis
1165 5193 1215 5236 tots
1233 5192 1327 5250 scripsi,
1348 5191 1415 5238 uictu
1438 5193 1465 5250 Τ,
1493 5194 1533 5241 uls
1552 5195 1636 5242 iuncta
1655 5194 1732 5243 Musa.
1851 5192 1917 5242 1000
1936 5195 2031 5242 rubore
2057 5195 2079 5241 Τ

437 5277 497 5328 tuit
520 5279 645 5327 horribilis
667 5279 687 5324 Τ
793 5277 858 5326 tots
876 5276 972 5324 orritlco
993 5275 1014 5322 Τ
1117 5276 1203 5323 album
1224 5276 1244 5322 Τ
1360 5276 1424 5325 tote
1443 5280 1527 5326 isceus
1545 5294 1626 5327 errore
1644 5281 1788 5342 typoprupbi
1805 5280 1870 5328 deest
1888 5281 1958 5340 apud
1979 5279 2074 5340 Maza,

433 5371 575 5427 quassante
587 5379 670 5413 vocem
682 5363 789 5412 Gaetula
803 5363 876 5411 sect.
891 5360 1009 5410 dubitaris
1022 5365 1110 5420 muter,
1131 5361 1217 5422 Haupt
1232 5361 1321 5422 Opone.
1338 5363 1384 5408 111
1395 5363 1447 5410 370
1459 5366 1575 5423 genetrix
1590 5368 1691 5414 inseruit
1822 5366 1885 5414 idib
1905 5366 1962 5412 lun
1982 5367 2074 5428 Bekis,

432 5453 498 5498 laissa
519 5451 539 5496 Τ
658 5449 821 5510 calcibusque
841 5447 929 5508 Muza,
950 5448 1068 5509 letusque
1089 5447 1109 5492 Τ
1233 5445 1297 5496 tort
1317 5448 1415 5510 pondus
1435 5449 1526 5508 Mass,
1546 5452 1628 5514 pendo
1650 5453 1670 5498 Τ
1794 5451 1859 5502 1019
1878 5458 2019 5515 patuerunt
2043 5455 2074 5512 T,

433 5542 534 5597 patuere
556 5537 615 5596 lcyit
634 5535 711 5585 Mosa.
829 5532 987 5586 sodomites
1008 5533 1029 5579 Τ
1143 5531 1202 5581 1081
1226 5534 1356 5582 consonitu
1376 5548 1432 5582 rum
1452 5539 1532 5584 sonito
1550 5537 1629 5585 dictis
1651 5539 1672 5585 Τ
1777 5537 1841 5588 1085
1860 5540 1993 5587 turbrrurn
2019 5541 2042 5586 Τ

432 5623 565 5684 putzurlus
589 5623 610 5669 Τ
714 5619 780 5670 1090
797 5623 916 5668 frommut
938 5620 958 5667 T
1066 5617 1131 5668 1094
1150 5624 1250 5667 cussum
1271 5620 1291 5666 Τ
1399 5619 1579 5672 1005018111
1598 5625 1715 5672 Romanis
1735 5625 1819 5685 Bekis„
1840 5624 2019 5672 eusinormans
2043 5627 2074 5688 T,

432 5705 527 5759 Gustus
545 5708 654 5756 llourane
674 5706 751 5756 Muza.
