4508 6434
757 417 987 476 lonauulncs
1007 422 1076 476 tls.
1097 423 1146 478 VI.
1170 425 1224 487 (VJ.

570 607 672 672 oravit
694 608 854 674 domiuum
878 611 960 677 caeli
983 619 1150 696 terraeque
1172 614 1348 697 marisque,

570 711 684 776 obtulit
706 719 738 777 et
760 733 891 794 munus,
918 733 1060 781 summus
1082 717 1166 798 quod
1189 737 1274 782 more
1297 719 1446 783 sacerdos

570 834 626 898 pro
649 814 814 900 redituque
837 817 928 883 ducis
950 839 1006 903 pro
1029 819 1183 903 victisque
1206 819 1352 886 hostibus
1374 841 1449 886 arae

569 917 730 1003 imposuit.
778 920 966 1012 Christoque
988 928 1078 1007 pater
1100 923 1254 988 libamina
1276 924 1391 989 sanxit.

655 1023 799 1105 Syrticus
820 1023 945 1090 interca
968 1026 1128 1091 Caroasan
1150 1027 1281 1109 agmina
1302 1027 1413 1092 ductor

462 1167 466 1180 ·
570 1125 686 1190 finibus
709 1147 727 1192 e
750 1127 888 1206 cunctis,
914 1135 1013 1193 terror
1034 1149 1116 1212 quae
1139 1137 1301 1214 sparserat
1321 1130 1451 1213 ingens,

571 1230 742 1306 contrahit,
769 1236 801 1295 et
823 1230 930 1296 tristes
953 1231 1092 1296 lacrimis
1114 1233 1231 1298 affatur
1251 1234 1380 1299 obortis.

573 1339 653 1398 ‘nou
676 1334 720 1398 ita
743 1333 883 1400 deiectos
907 1336 1074 1418 sperabam
1098 1357 1227 1402 cernere
1250 1337 1394 1418 Mauros,

569 1437 742 1503 indomitae
764 1444 888 1521 gentes.
934 1437 1094 1522 nunquam
1118 1448 1286 1524 superatne
1310 1442 1441 1524 Hagnas

569 1541 675 1606 nudus
698 1541 791 1607 adest
812 1541 977 1626 victusque
999 1542 1092 1608 redit.
1139 1551 1320 1628 matresque
1343 1565 1501 1628 nurusque

570 1643 767 1729 perdidimus
789 1651 946 1728 natosque
968 1645 1074 1710 simul.
1122 1647 1201 1729 quid
1223 1647 1361 1731 denique
1383 1655 1482 1714 restat

570 1747 603 1812 ni
625 1767 710 1813 mors
732 1748 802 1813 sola
823 1748 901 1815 viris
909 1756 923 1812 l
944 1749 1021 1832 quid
1042 1770 1127 1816 nunc
1148 1751 1276 1835 placet?
1297 1769 1369 1816 esse
1392 1751 1537 1835 quietos?

570 1872 612 1917 an
634 1851 749 1917 melius
770 1852 865 1917 bellis
887 1853 1047 1936 armisque
1070 1854 1229 1920 lacessere
1251 1855 1322 1920 dnn'

570 1955 681 2020 militis
704 1975 794 2020 anua
816 1956 943 2040 placet?
963 1963 1056 2041 turpe
1079 1964 1112 2023 et
1133 1957 1314 2024 miserabile
1338 1959 1457 2024 crimen

571 2057 748 2124 confractos
771 2079 915 2125 cessasse
939 2062 1049 2126 semel.
1097 2079 1160 2126 non
1182 2081 1274 2127 omne
1297 2063 1427 2128 deorum

572 2163 731 2228 sublatum
755 2162 910 2228 auxilium
934 2163 1055 2249 campis
1078 2163 1226 2230 discessit
1247 2165 1280 2229 in
1302 2165 1379 2230 illis.

571 2265 701 2332 nonita
723 2267 791 2332 vult
812 2267 963 2340 Ammon,
990 2288 1053 2332 non
1075 2267 1144 2352 ianr
1161 2268 1215 2350 qui
1237 2268 1368 2334 numina
1390 2269 1498 2334 Gurzil

572 2369 618 2434 sic
640 2369 761 2435 violata
782 2369 880 2435 dolet.
928 2390 990 2434 nou
1014 2370 1059 2436 sic
1082 2372 1208 2437 fortuna
1229 2371 1383 2452 minatur,

572 2493 654 2557 quae
678 2473 778 2538 voluit
800 2493 927 2538 servare
951 2474 1046 2538 viros.
1094 2475 1246 2558 pecuaria
1268 2483 1389 2541 tanturn

571 2576 781 2662 perdidimus.
827 2598 901 2643 narn
925 2578 1020 2644 robur
1042 2578 1145 2644 adest.
1193 2578 1381 2660 discernite,
1408 2578 1519 2662 quanti

572 2680 747 2746 occubuere
770 2680 842 2745 viri.
890 2681 989 2746 veluti
1011 2680 1111 2746 cadus
1135 2681 1261 2748 hauriat
1283 2683 1386 2748 undas

571 2784 719 2874 aequoris
741 2784 878 2850 Oceani:
904 2784 1058 2868 numquid
1080 2784 1265 2851 decrescere
1287 2785 1387 2870 possit

571 2894 628 2953 aut
648 2887 800 2953 damnum
823 2887 941 2954 sentire
964 2887 1098 2954 rhenan
1120 2894 1165 2954 tot
1188 2895 1221 2954 et
1240 2889 1316 2973 igne
1340 2908 1469 2954 recusso

570 2998 658 3056 astra
680 2992 814 3057 cadunt:
842 2991 942 3074 signis
965 2993 1094 3076 plenum
1116 2999 1224 3058 tamen
1246 2993 1353 3058 omnia
1375 2993 1499 3058 caelum

571 3094 678 3160 sidera
700 3114 826 3180 semper
848 3094 955 3160 habet.
1004 3095 1051 3160 sic
1072 3101 1211 3161 nostram
1234 3096 1336 3162 laesio
1357 3102 1485 3179 gentem

571 3197 714 3281 contigit.
761 3198 848 3264 haud
870 3205 978 3286 tamen
1002 3199 1128 3264 omnino
1151 3198 1326 3265 fortissima
1348 3199 1459 3266 sensit.

572 3302 744 3382 consulite,
770 3309 803 3368 et
824 3302 920 3369 rebus
942 3303 1064 3370 celeres
1087 3304 1259 3369 succurrite
1282 3303 1424 3369 vestris'.

658 3406 776 3473 Bruten
799 3415 834 3472 ut
856 3406 990 3473 emissas
1012 3407 1171 3492 persensit
1192 3407 1235 3472 ab
1257 3427 1310 3473 ore
1333 3408 1497 3491 querelas,

571 3518 677 3577 ruente
700 3509 789 3576 ferox
810 3509 917 3594 rapuit
937 3510 1069 3576 bellum.
1120 3513 1227 3595 ‘pater
1249 3511 1393 3596 optime',
1420 3511 1516 3593 dixit,

575 3614 793 3699 ‘ingeminans
815 3615 936 3680 bellum
957 3621 1082 3680 nostros
1105 3634 1253 3700 reparare
1275 3614 1419 3697 labores,

573 3737 687 3784 uxores
708 3724 863 3802 natosque
887 3725 988 3803 potes.
1034 3739 1107 3784 cum
1130 3717 1241 3784 funere
1263 3718 1362 3784 vitam

572 3827 604 3886 et
625 3821 721 3886 bellis
744 3820 833 3886 linire
856 3822 972 3906 placet.
1019 3841 1101 3904 quae
1123 3820 1210 3886 sarna
1232 3841 1289 3906 per
1309 3840 1419 3887 omnes

571 3925 676 4008 gentis
699 3924 759 3989 erit
781 3925 932 4010 populos,
959 3925 988 3990 si
1011 3931 1138 3991 nostrae
1160 3924 1277 3990 iniuria
1299 3923 1408 3990 caedis
1519 3965 1520 3968 =

572 4028 742 4094 indefensa
763 4047 896 4093 manens
919 4028 1018 4092 latum
1042 4027 1198 4093 referatur
1220 4027 1253 4092 in
1276 4028 1407 4092 orbern‘.l

572 4133 740 4216 absorptae
762 4130 877 4204 melius
900 4131 1003 4196 subito
1026 4130 1150 4196 telluris
1171 4130 1260 4195 hiatu

572 4255 656 4300 mors
678 4235 784 4319 rapiat
804 4241 927 4319 gentes.
976 4234 1150 4300 extendant
1172 4235 1308 4298 Tartara
1329 4234 1440 4299 lauces

573 4345 605 4404 et
625 4339 737 4422 nigrae
759 4340 881 4423 pallore
904 4338 1028 4404 domus.
1075 4338 1263 4422 Proserpina
1285 4357 1417 4421 regnum

573 4443 673 4528 patris
696 4442 788 4527 inops
810 4448 918 4508 teneat
938 4441 1022 4523 nigri
1044 4441 1210 4527 perbelle
1232 4441 1347 4506 mariti.

573 4552 647 4612 sunt
667 4544 771 4622 acies,
798 4552 872 4610 sunt
893 4564 983 4610 arma
1003 4544 1072 4610 tibi.
1120 4563 1231 4626 surge,
1259 4545 1364 4629 arripe
1386 4545 1517 4611 bellum.

572 4655 604 4715 te
627 4648 708 4714 dirce
730 4648 896 4715 confossus
919 4668 1035 4733 ponam
1059 4647 1128 4713 sine
1152 4647 1281 4713 crimine
1305 4648 1413 4714 vitam.

572 4753 653 4818 haee
675 4760 724 4818 est
747 4759 833 4818 certa
855 4753 955 4818 salus.
1001 4758 1036 4817 tu
1059 4759 1185 4817 nostrae
1208 4751 1310 4835 gloria
1331 4752 1455 4835 gentio,

573 4863 606 4921 tn
629 4855 754 4922 virtutis
776 4854 894 4937 bonos,
920 4861 953 4919 tn
976 4873 1050 4939 spes
1072 4853 1229 4920 fidissima
1250 4855 1397 4920 Mauris'.

477 5042 480 5048 s
659 4959 713 5024 vix
735 4979 775 5024 ea
797 4959 916 5024 Bruten
938 4959 1001 5040 ait,
1027 4958 1132 5024 cuncti
1154 4959 1291 5024 clamore
1314 4965 1489 5042 sequuntur

574 5065 797 5147 Caroasanque
820 5063 975 5144 tremunt,
1001 5062 1163 5128 Carcasan
1185 5062 1331 5129 omnibus
1354 5083 1451 5128 unum

574 5167 722 5252 gentibus
745 5185 816 5232 esse
839 5165 953 5232 ducem
975 5165 1094 5249 linguis
1116 5165 1295 5250 animisque
1317 5166 1468 5232 fatentur.

260 5340 449 5405 imitarisque
472 5344 493 5390 T
597 5342 639 5392 llll
663 5344 746 5391 uulnus
759 5342 779 5388 T
885 5341 933 5392 102
951 5343 1077 5404 uictisque
1095 5343 1182 5401 neas,
1202 5342 1312 5390 uictisT
1415 5341 1462 5392 ¹0³
1482 5341 1626 5405 Christique
1644 5344 1708 5405 patri
1727 5342 1805 5392 Mass.

192 5429 238 5478 1111
257 5435 367 5478 amusan
389 5429 409 5476 T
512 5428 559 5479 1116
577 5431 668 5478 abortia
688 5429 709 5476 T
823 5427 870 5478 108
888 5430 995 5490 tlasguas
1016 5429 1037 5475 T
1152 5427 1198 5478 111
1218 5428 1333 5477 decorum
1356 5430 1377 5476 T
1490 5429 1537 5478 116
1555 5430 1670 5488 Ammon,
1690 5441 1739 5476 non
1757 5429 1806 5476 lam

189 5517 233 5577 qul
250 5519 344 5576 sapsa,
365 5531 469 5564 amouon
487 5517 606 5578 namqui
627 5517 654 5577 T,
674 5516 789 5564 Ammon.
810 5529 858 5563 uon
877 5529 986 5577 unquam
1006 5516 1095 5574 Maza,
1117 5518 1231 5564 Ammon.
1253 5529 1311 5576 nou,
1331 5519 1432 5578 iuquam
1452 5517 1538 5576 Balatu,
1559 5515 1599 5563 sed
1617 5515 1652 5576 cs.
1673 5517 1687 5561 1
1694 5515 1712 5560 V
1731 5517 1804 5564 1139.

192 5603 265 5652 lut.
291 5605 353 5649 luo
477 5600 524 5651 117
543 5603 630 5651 dolent
648 5601 725 5651 Mass.
850 5601 892 5651 121
916 5605 1028 5663 equorels
1052 5603 1148 5652 caelant
1168 5603 1189 5649 T
1312 5601 1359 5651 122
1378 5605 1438 5651 tetis
1459 5603 1479 5649 Τ
1609 5601 1656 5650 trs
1675 5599 1767 5649 babent
1788 5601 1809 5648 Τ

192 5686 237 5736 127
257 5689 288 5734 ab
305 5687 364 5736 odd.
386 5689 484 5739 Lectum.
611 5689 658 5737 1311
676 5695 758 5752 petest
779 5689 799 5736 Τ
902 5703 958 5737 cum
977 5690 1066 5738 lunera
1087 5689 1116 5748 Τ,
1137 5703 1204 5737 nuuc
1222 5703 1313 5750 ponere
1333 5689 1468 5738 Mommsen
1591 5687 1638 5737 134
1656 5689 1766 5736 absentas
1788 5687 1809 5734 Τ

191 5772 238 5822 135
257 5774 377 5822 extendat
398 5775 418 5822 Τ
521 5775 569 5825 139
587 5778 714 5824 confessus
737 5776 758 5823 Τ

1565 5860 1601 5906 u*
