4508 6434
718 423 948 486 IOllAllNIDOS
967 429 1037 484 LlB.
1057 429 1104 484 1v.
1126 432 1161 486 V.
1185 432 1256 496 (IV).

562 623 635 702 post
657 617 828 684 Solomone
850 617 968 702 ferum,
994 620 1089 704 primi
1112 627 1184 705 post
1205 620 1275 686 fata
1296 621 1465 705 Iohannis,

562 722 703 788 Antalan
726 722 873 807 cuiquam
895 724 981 791 bello
1003 729 1160 809 temptare
1182 724 1312 790 licebitl

562 831 680 891 terreat
702 846 778 908 ergo
801 827 912 912 lupum
934 847 1070 912 pascens
1087 827 1127 893 'in
1149 828 1288 894 vallibus
1310 835 1436 912 agnus?

445 950 466 986 s
563 936 596 994 et
616 929 667 994 leo
689 929 753 994 iam
775 937 897 997 metuat
918 938 1102 1015 surgentem
1123 931 1157 996 in
1179 951 1299 998 cornua
1320 939 1470 998 cervum:t

563 1032 691 1098 vividus
713 1053 767 1099 ore
790 1033 879 1098 canis
903 1035 1043 1118 leporem
1066 1033 1259 1117 damamque
1281 1042 1455 1120 pavescat?

563 1141 595 1202 et
616 1134 704 1201 ferus
726 1136 880 1221 accipiter
901 1136 1010 1203 mitem
1033 1138 1093 1202 sub
1116 1138 1201 1204 nube
1224 1138 1427 1204 columbano

562 1239 703 1323 armiger
724 1239 794 1325 ipse
816 1240 902 1305 Iovis
923 1240 1079 1323 liquidam
1101 1240 1307 1307 tremefactus
1329 1241 1363 1307 iu
1385 1244 1530 1310 aethram

563 1344 698 1428 effugiat
719 1363 889 1410 raucamve
911 1364 1023 1428 gruem
1046 1363 1226 1428 cygnumve
1250 1353 1438 1414 canememr

562 1447 665 1512 omnis
688 1455 720 1513 et
741 1447 879 1513 inversis
900 1454 1013 1532 pereat
1033 1454 1148 1514 natura
1169 1447 1281 1532 figuris
1288 1454 1303 1512 ⁸?

562 1551 714 1616 Romanis
737 1551 853 1617 totiens
875 1551 991 1616 iterum
1014 1571 1200 1619 concurrere
1222 1551 1315 1618 victis

562 1674 636 1722 ecce
659 1655 776 1740 placet.
824 1675 933 1720 rursus
956 1656 1090 1723 redeant
1111 1663 1144 1722 et
1164 1655 1287 1742 proelia
1307 1660 1488 1742 temptcut’.

648 1758 703 1824 vix
725 1779 764 1825 ea
786 1759 931 1843 legatus:
958 1759 1066 1826 media
1087 1759 1170 1825 inter
1191 1757 1290 1826 verba
1312 1760 1450 1827 cucurrit

562 1882 681 1947 perque
704 1861 803 1928 duces
824 1861 949 1928 varium
971 1883 1091 1948 perque
1113 1863 1243 1947 agmina
1266 1863 1392 1930 fervida
1414 1885 1570 1950 murmur,

453 2009 458 2022 ·
562 1965 687 2031 turbiue
710 1985 769 2031 ceu
792 1965 918 2048 valido,
944 1965 1047 2050 prima
1069 1973 1220 2050 surgente
1242 1968 1401 2054 procella,

562 2089 703 2154 aequora
724 2070 819 2153 pulsa
839 2076 973 2153 gemunt
995 2068 1096 2154 ruptis
1118 2070 1308 2155 crepitantia
1329 2070 1425 2156 ripis,

563 2173 765 2255 congeminat
786 2179 861 2239 tunc
884 2174 970 2239 unda
993 2192 1105 2256 conoe,
1131 2181 1164 2240 et
1186 2174 1280 2240 litora
1301 2175 1396 2259 lapsu

563 2285 677 2344 cuncta
699 2276 854 2358 fremunt,
881 2277 1054 2359 crebroque
1077 2278 1233 2344 resultant
1254 2297 1370 2363 aspera
1392 2278 1501 2346 fluctu.

562 2381 699 2466 imperat
720 2387 826 2446 erecta
848 2387 996 2462 motoque
1019 2380 1148 2446 silentia
1170 2380 1283 2447 dextra

563 2484 684 2550 ductor.
732 2484 913 2550 conticuere
936 2483 1007 2566 citi,
1033 2483 1211 2566 intentique
1234 2483 1421 2567 magistrum

563 2608 738 2672 suspexere
761 2587 832 2654 viri.
879 2587 978 2653 lacios
1000 2593 1075 2652 tunc
1098 2587 1201 2652 omnis
1223 2588 1258 2653 iu
1279 2588 1371 2654 illum

562 2711 715 2774 mensque
738 2691 810 2757 coit.
859 2690 1030 2776 cupidique
1053 2691 1164 2757 volunt
1184 2691 1297 2757 audue
1319 2690 1457 2758 iubentis

561 2795 741 2861 consilium.
787 2802 952 2880 apponunt
973 2813 1087 2861 sensus
1109 2814 1267 2878 auresque
1289 2794 1436 2878 loquelis.

561 2899 703 2964 hortatur
724 2897 854 2983 placida
875 2904 980 2964 rector
1000 2904 1076 2964 tunc
1098 2918 1176 2964 voce
1199 2898 1343 2964 cohortes

561 3002 730 3084 attonitas,
756 3000 933 3084 avidosque
957 3021 1088 3068 movens
1109 3001 1143 3066 in
1165 3002 1288 3087 proelia
1309 3008 1432 3070 mentes

560 3106 680 3172 talibus
701 3104 844 3172 incendit
865 3103 961 3172 dictis
982 3111 1016 3172 et
1038 3104 1143 3172 firmat
1164 3106 1197 3171 in
1219 3107 1338 3172 hostes.

565 3209 751 3290 ‘Romanis‚
778 3209 874 3292 socii,
900 3209 999 3274 crevit
1021 3209 1068 3276 sio
1089 3209 1193 3293 gloria
1217 3210 1330 3294 rebus,

560 3334 675 3396 resque
698 3332 794 3398 super
815 3319 915 3379 totum
937 3313 1085 3398 regnavit
1106 3313 1235 3398 publica
1260 3313 1432 3398 muudum,

561 3418 637 3484 dnm
659 3424 788 3501 gentes,
815 3417 891 3483 dum
914 3417 1002 3484 bella
1024 3417 1141 3484 domat.
1188 3437 1252 3482 uon
1273 3437 1364 3483 arma
1386 3417 1525 3485 ferentes

561 3522 724 3587 Romanus
747 3520 852 3587 timuit
872 3521 1025 3606 populos,
1052 3527 1108 3587 aut
1129 3519 1260 3605 agmina
1282 3520 1392 3606 miles,

560 3630 681 3707 quauta
702 3624 821 3706 forent,
848 3631 994 3690 metuens
1015 3624 1171 3690 convertit
1190 3630 1283 3708 terga
1304 3631 1493 3706 retrorsum,

561 3727 644 3793 lidus
666 3728 785 3814 quippe
808 3727 875 3793 suis
897 3733 930 3794 et
952 3727 1050 3794 multo
1073 3727 1210 3813 pervigil
1232 3733 1304 3794 astu

561 3838 593 3898 et
615 3831 729 3898 virtute
752 3839 866 3916 potens
888 3831 1001 3897 Martio
1023 3833 1156 3898 sufferre
1180 3832 1318 3898 labores.

562 3934 620 4002 sed
642 3935 788 4020 quotiens
811 3935 939 4020 dirupta
961 3933 1059 4016 fides,
1084 3955 1145 4002 uec
1165 3934 1319 4021 principis
1342 3935 1428 4002 ullus

561 4039 638 4105 vicit
660 4040 760 4104 honos
782 4045 906 4105 mentes
928 4038 993 4105 iam
1016 4057 1089 4104 sese
1111 4039 1155 4105 ad
1176 4039 1264 4104 bella
1284 4047 1454 4124 parantes,

562 4143 637 4208 dum
660 4150 786 4227 raptus,
814 4141 890 4208 dum
912 4141 1033 4227 praeda
1055 4142 1178 4226 placet,
1205 4142 1280 4208 dum
1303 4142 1447 4227 praemia
1468 4144 1562 4211 miles

561 4247 677 4313 Martia
699 4253 805 4312 mente
828 4246 915 4330 eupit
936 4245 1054 4311 uostris
1076 4245 1234 4311 contraria
1256 4245 1374 4330 siguis,

561 4359 636 4417 tunc
658 4353 802 4417 Romana
823 4369 938 4416 manus
961 4348 1097 4434 propriis
1120 4349 1291 4415 conterrita
1313 4350 1437 4418 dextris

561 4462 652 4539 terga
674 4455 764 4521 dedit
785 4460 962 4537 gentesque
985 4452 1070 4518 feras
1092 4451 1211 4518 vicisse
1233 4453 1367 4538 putavit.

561 4579 624 4624 uon
646 4565 754 4624 tamen
776 4558 827 4623 his
849 4557 962 4641 longos
984 4557 1087 4623 tenuit
1109 4555 1236 4622 fortuna
1258 4557 1385 4624 labores

562 4661 722 4746 perfidiis,
749 4661 807 4726 sed
829 4661 916 4726 laeta
937 4660 1043 4726 ferens
1066 4659 1241 4742 meliorque
1263 4660 1383 4728 revisit.

562 4764 669 4848 diligit
689 4765 747 4830 illa
770 4783 861 4830 suam
883 4763 1019 4830 fatorum
1041 4783 1173 4829 munere
1195 4765 1339 4830 Romam.

562 4869 644 4934 hano
666 4877 794 4954 propter
815 4869 932 4934 multos
954 4867 1092 4952 perdens
1115 4867 1243 4934 omniuo
1264 4875 1415 4936 nocentes

562 4973 724 5054 contrivit,
751 4972 909 5055 rebusque
931 4971 1022 5038 dedit
1043 4991 1103 5037 sua
1123 4971 1244 5055 gaudia
1265 4973 1392 5040 nusum.

417 5097 465 5138 rus
561 5076 679 5161 profuit
700 5075 812 5141 insano
834 5095 950 5142 nornen
973 5073 1051 5159 quid
1072 5073 1155 5141 ferre
1177 5076 1307 5160 tyranni

245 5339 293 5389 384
312 5340 446 5400 sgnumT
559 5337 608 5387 387
627 5337 770 5385 mictemT
882 5336 931 5386 ³88
949 5337 1046 5400 liquida
1063 5336 1141 5386 Mass.
1247 5339 1334 5387 aethra
1353 5339 1430 5389 Mnus.
1538 5341 1586 5390 397
1606 5356 1694 5390 sonum
1714 5347 1741 5391 ln
1758 5360 1797 5394 so-

176 5429 216 5474 nis
237 5431 247 5474 l
268 5441 301 5476 m.
321 5426 487 5475 mntntan
589 5424 662 5486 lapsu
682 5423 771 5485 Muza,
792 5424 893 5472 luqu
1009 5423 1218 5474 testamenta
1323 5426 1456 5476 resultaT
1569 5425 1619 5476 ³99
1636 5431 1764 5491 ereptsl'

177 5517 291 5573 motuque
310 5512 453 5573 Momasson,
479 5517 600 5574 mutaque
622 5512 643 5558 Τ
779 5509 829 5558 405
847 5516 932 5559 mouet
952 5511 972 5556 Τ
1110 5510 1160 5561 408
1179 5527 1255 5575 super
1271 5515 1365 5576 scripsi,
1390 5527 1487 5576 semper
1509 5515 1535 5576 Τ,
1557 5514 1631 5563 slmul
1650 5514 1741 5578 Muza,
1762 5519 1798 5566 ita

175 5613 219 5660 per
237 5599 323 5660 Haupt
344 5599 434 5660 Opaon.
454 5599 500 5646 111
515 5601 575 5661 615,
595 5613 630 5646 on
647 5611 722 5660 super
740 5596 789 5644 dici
805 5609 856 5645 non
871 5599 947 5658 possit
965 5595 1091 5660 duorum,
1111 5597 1153 5647 sed
1170 5598 1206 5660 es.
1227 5601 1254 5649 in
1272 5599 1341 5649 lund
1362 5601 1426 5650 lost.
1447 5601 1477 5646 11
1496 5602 1544 5648 178
1681 5601 1733 5651 ⁴⁰9
1752 5604 1797 5652 do·

176 5685 285 5734 munel*
389 5684 439 5734 418
459 5699 525 5733 rome
548 5684 568 5730 Τ
670 5683 720 5732 419
737 5697 788 5745 quc
805 5682 864 5732 odd.
880 5683 958 5735 Mau.
1073 5683 1508 5747 transducendorum
1616 5685 1797 5751 turpemque

176 5772 219 5820 sed
231 5771 317 5832 mcc,
332 5772 440 5835 pertidus
453 5773 496 5820 sed
514 5771 542 5830 T,
556 5771 649 5833 perfida
662 5771 705 5818 scd
720 5784 746 5818 se
760 5769 839 5820 Maza.
932 5771 1068 5820 rculssitT
1159 5769 1210 5822 42²
1222 5785 1326 5822 munere
1339 5771 1424 5832 aaut..
1440 5785 1542 5822 numere
1559 5771 1586 5833 Τ,
1601 5774 1703 5822 numine
1718 5774 1796 5826 Mosa.
