4546 6420
886 407 1114 464 Psoonulvu.
1709 405 1822 471 XXIX

188 640 255 700 stra
277 633 420 700 Antonia
439 633 469 698 ei
492 640 688 716 occurrerat,
721 634 790 699 sine
819 633 982 719 responsis
1011 633 1046 697 in
1069 631 1215 697 custodia
1237 634 1419 714 retenta¹⁴⁹l
1453 631 1590 715 primum
1613 633 1702 696 oram
1724 630 1822 695 mari-

187 754 309 836 timam,
329 771 499 837 perquam
514 752 568 817 via
583 752 818 818 Hadrumetina
832 752 1027 837 processisse
1043 752 1180 835 videtur,
1199 752 1240 817 ab
1256 751 1402 816 hostibus
1417 750 1610 834 vagantibus
1626 750 1818 831 liberat¹⁵⁰i,

189 872 307 938 deinde
336 873 370 937 in
399 872 550 938 interiora
572 871 705 956 Byzaeii
728 891 901 938 conversus
924 872 957 936 in
979 872 1151 954 montium,
1184 871 1240 954 qui
1261 871 1428 956 planitiem
1451 871 1653 954 Byzacenam
1676 871 1819 954 cingunt,

189 993 334 1076 margine
364 992 545 1057 Maurorum
577 992 752 1057 exereitum
782 1011 992 1077 permagnum
1023 989 1217 1074 invenit¹⁵¹).
1274 991 1388 1072 Neque
1417 990 1503 1055 enim
1531 989 1668 1055 Antalae
1697 997 1820 1056 tontum

189 1111 243 1195 qui
271 1112 429 1196 parebant
457 1111 590 1196 Byzaeii
618 1112 748 1196 populi,
781 1111 839 1177 sed
870 1111 988 1195 Syrtici
1018 1111 1115 1175 etiam
1145 1111 1239 1175 lerna
1268 1110 1367 1191 duce,
1399 1108 1578 1175 Numidiae*
1602 1109 1822 1175 meridionalis

189 1238 304 1314 gentes
334 1251 405 1296 cnm
435 1231 539 1296 lauda
567 1251 643 1314 rege
674 1231 737 1296 buc
768 1232 1066 1314 concurrerant¹⁵²).
1124 1230 1314 1312 Priusquam
1348 1230 1390 1294 ad
1424 1248 1565 1313 pugnam
1599 1249 1634 1294 se
1668 1228 1818 1312 accinxit,

188 1351 310 1417 Mauris
332 1359 493 1417 extremas
515 1351 605 1436 pacis
627 1349 831 1417 condiciones
854 1352 914 1416 bas
937 1350 1115 1435 proposuit:
1150 1357 1185 1414 ut
1206 1348 1284 1414 Afri
1299 1349 1418 1435 captivi
1441 1348 1667 1429 redderentur,
1700 1349 1822 1414 Austu-

188 1471 270 1536 riani
294 1478 326 1536 et
341 1471 587 1555 Lagnantenscs
609 1471 642 1536 in
665 1470 761 1536 sedes
781 1489 857 1536 suas
872 1469 1024 1552 redirent,
1050 1470 1184 1535 Antaias
1199 1468 1370 1534 Iustiniani
1385 1468 1518 1553 imperio
1534 1487 1569 1534 se
1585 1468 1745 1534 subiceret
1755 1471 1819 1552 ¹⁵³).

189 1589 313 1668 Quibus
343 1590 582 1656 condicionibus
611 1590 740 1656 reiectis
762 1591 866 1656 'Mauri
894 1610 912 1656 e
942 1590 1073 1672 eastris,
1107 1609 1189 1673 qnae
1211 1590 1245 1655 in
1268 1597 1374 1654 monte
1397 1591 1651 1674 posuerant¹⁶⁴],
1685 1588 1823 1654 descen-

190 1709 306 1776 derunt
335 1719 368 1776 et
389 1712 459 1776 acie
481 1711 637 1776 instructa
659 1731 730 1776 cnm
753 1712 968 1776 Romanorum
992 1709 1134 1775 exercitu
1157 1707 1379 1775 conflixerunt.
1426 1709 1507 1775 Cum
1530 1707 1586 1774 din
1606 1708 1696 1774 vario
1719 1708 1822 1773 Marte

188 1837 366 1914 pugnatum
395 1837 500 1912 esset,
532 1829 663 1896 tandem
692 1831 726 1895 in
759 1830 870 1915 fugam
899 1829 1033 1896 coniecti
1055 1829 1159 1895 Mauri
1187 1836 1293 1894 castra
1322 1830 1529 1915 repetierumt.
1576 1827 1642 1895 Sed
1664 1828 1818 1913 praedae,

188 1969 286 2031 qnam
315 1957 414 2016 totam
444 1948 600 2032 magister
628 1950 782 2015 exercitui
812 1951 1083 2035 promiserat¹⁵⁵]‚
1116 1968 1173 2034 spe
1203 1948 1326 2014 incitati
1348 1949 1484 2014 Romani
1514 1955 1620 2014 castra
1642 1948 1738 2014 etiam
1763 1947 1822 2012 ho-

188 2068 283 2134 stium
306 2070 450 2154 irrupere
473 2078 506 2134 et
527 2069 699 2154 diripuere.
751 2069 870 2134 ‘Multa
892 2069 976 2135 inter
998 2068 1113 2150 milia',
1147 2087 1230 2150 qnae
1253 2069 1287 2133 in
1310 2069 1389 2153 fuga
1411 2069 1590 2154 perierunt,
1617 2067 1821 2133 151551155-

189 2187 347 2254 maridnm
371 2209 428 2256 rex
451 2208 565 2255 caesus
588 2191 713 2271 esibili.
762 2191 895 2254 Praeter
925 2187 1079 2273 praedam
1110 2188 1274 2271 ingentem
1306 2188 1570 2274 splendidissima
1597 2188 1658 2252 bac
1688 2187 1822 2252 victoria

189 2315 315 2392 partam
344 2309 557 2374 Romanorum
587 2308 747 2375 exereitus
770 2307 949 2374 Solomonis
979 2309 1076 2374 etiarn
1106 2309 1200 2392 signa
1229 2309 1400 2389 militaria,
1433 2328 1516 2391 quae
1546 2307 1639 2373 clade
1669 2306 1822 2373 Cillitana

188 2426 371 2492 Maurorum
401 2428 436 2493 in
464 2435 656 2513 potestatem
685 2428 898 2509 devenerant,
933 2427 1134 2512 recuperavit
1145 2430 1210 2512 157).
1257 2427 1433 2494 Praesidiis
1461 2448 1519 2512 per
1547 2427 1728 2512 provincias
1754 2425 1822 2491 dis-

190 2547 303 2632 positis
315 2551 362 2628 ¹⁵⁸)
389 2548 551 2614 Iohannes
574 2549 750 2614 exercitum
765 2547 993 2630 Carthaginem
1009 2547 1148 2629 reduxit,
1174 2567 1361 2632 summoque
1385 2547 1501 2614 civium
1524 2546 1644 2631 gaudio
1668 2552 1822 2630 exceptus

194 2673 252 2748 est,
280 2686 351 2732 cum
375 2687 468 2733 nemo
491 2667 663 2748 dubitaret,
690 2667 767 2750 quin
789 2667 909 2732 bellum
933 2667 997 2731 iam
1019 2675 1183 2752 peractum
1206 2687 1244 2732 ac
1267 2667 1427 2752 sepultum
1449 2669 1610 2751 essct¹⁵⁰).

277 2787 346 2852 Nee
368 2808 444 2853 vero
468 2787 619 2853 diuturna
641 2795 716 2852 tunc
738 2806 802 2872 pax
825 2786 954 2852 Africae
978 2785 1119 2871 contigit.
1168 2787 1341 2869 Aliquanto
1370 2787 1456 2853 enim
1478 2798 1552 2872 post
1571 2785 1681 2871 populi
1705 2784 1822 2868 Syrtici

189 2906 312 2972 bellum
334 2907 565 2973 instaurarunt.
611 2905 646 2970 Si
670 2905 742 2988 quis
764 2905 974 2972 Iohannidem
997 2906 1100 2972 solam
1116 2907 1219 2972 obiter
1231 2907 1419 2992 inspexerit,
1444 2906 1578 2972 vixdum
1594 2903 1822 2989 Carthaginem

190 3026 361 3092 revertisse
376 3026 564 3109 Iohannem,
591 3045 662 3091 cum
679 3025 875 3110 Syrticornm
897 3025 1030 3092 rebellio
1045 3027 1256 3110 nuntiaretur,
1283 3025 1413 3093 eredere
1436 3026 1612 3112 possit¹⁰⁰i.
1652 3024 1718 3089 Sed
1732 3043 1824 3088 men-

191 3165 244 3212 ses
275 3154 359 3213 certe
390 3146 560 3212 nonnullos
588 3145 730 3228 quietem
761 3145 868 3230 egisse
890 3146 1020 3212 Mauros
1050 3167 1121 3212 cnm
1143 3147 1289 3232 Procopii
1319 3168 1337 3214 e
1360 3147 1467 3214 verbis
1495 3141 1606 3233 (χρόνῳ
1629 3144 1662 3209 δὲ
1685 3135 1816 3230 ὕστερον)

192 3265 344 3350 colligere
366 3284 537 3350 possumus
559 3272 627 3330 tum
650 3285 668 3330 e
690 3273 868 3351 temporum
890 3265 1018 3332 indiciis
1041 3267 1171 3352 paucis,
1205 3287 1288 3350 quae
1310 3287 1369 3352 per
1389 3265 1586 3333 lobannidos
1607 3265 1723 3331 libmm
1747 3283 1823 3330 sex-

190 3392 258 3451 tum
281 3385 432 3470 dispersa
452 3384 667 3450 inveniuntur.
714 3384 842 3450 Bellum
865 3386 949 3451 enim
973 3385 1134 3471 Syrticam
1156 3407 1220 3453 non
1243 3387 1366 3467 bieme,
1392 3407 1456 3470 qna
1478 3407 1587 3472 pugna
1608 3385 1713 3471 prima
1734 3403 1824 3449 com-

192 3505 294 3571 missa
315 3513 402 3588 erat,
436 3504 494 3572 sed
522 3511 665 3589 tempore
695 3524 733 3569 eo
762 3524 825 3587 quo
851 3505 966 3570 messis
988 3505 1148 3590 instabat,
1181 3507 1342 3573 exarsisse
1365 3513 1397 3572 et
1418 3514 1542 3572 aestate
1564 3504 1672 3570 media
1694 3510 1821 3587 gestum

193 3644 266 3691 esse
296 3625 427 3710 Corippi
457 3645 475 3690 e
505 3623 689 3690 narratione
717 3625 895 3704 elucet¹⁰¹].
944 3624 1023 3690 Cum
1054 3626 1153 3709 igitur
1181 3633 1304 3693 constet
1330 3627 1483 3712 temporis
1513 3627 1712 3710 aliquantum
1739 3622 1824 3689 inter

193 3745 328 3830 primam
351 3751 384 3811 et
406 3744 580 3812 secundam
595 3742 747 3809 Iohannis
770 3743 1009 3828 expeditionem
1030 3745 1226 3830 interfuisse,
1251 3748 1316 3812 iam
1338 3747 1408 3812 fieri
1424 3746 1566 3832 potuisse
1581 3745 1819 3828 intellegemus,

282 3969 338 4032 149)
361 3969 415 4019 Cor.
436 3971 491 4020 155.
511 3972 523 4018 1
542 3968 592 4019 199
611 3971 678 4032 ipsos
696 3971 794 4032 prisato
812 3971 887 4018 iussit
905 3969 1008 4018 custode
1026 3973 1115 4020 teneri.

280 4053 337 4116 150)
358 4055 414 4105 Cor.
434 4056 488 4106 Iob.
509 4055 534 4102 11
555 4054 563 4103 1
586 4054 693 4104 Pellitur
711 4055 808 4103 interea
826 4057 925 4103 eunctis
944 4059 1051 4103 rasator
1069 4057 1099 4104 55
1117 4059 1166 4105 oris

586 4140 691 4189 Maurus
708 4146 734 4190 et
752 4140 853 4190 adverso
872 4142 987 4203 trepidus
1005 4142 1113 4190 calcetur
1131 4144 1161 4191 55
1180 4142 1261 4193 boote.

588 4225 681 4274 desedi
698 4227 812 4274 55555555
830 4226 930 4285 lugiens
948 4209 1101 4276 conterritus
1118 4227 1206 4288 nrbes,

587 4312 755 4372 turbatusque
773 4319 843 4359 metu
861 4317 960 4360 montes
977 4313 1101 4361 concurrit
1118 4312 1150 4360 ad
1167 4313 1240 4365 altos.

280 4397 338 4458 151)
360 4397 415 4446 Cor.
436 4396 490 4445 155.
511 4396 535 4444 11
556 4393 604 4445 152
624 4397 674 4444 iam
693 4397 765 4444 sort-is
782 4409 917 4459 properans
936 4397 1026 4447 densos
1045 4399 1172 4446 exereitus
1188 4399 1274 4448 hostes

621 4483 748 4530 montibus
766 4483 793 4530 in
811 4484 917 4532 summis
935 4490 963 4532 et
980 4484 1088 4532 collibus
1107 4497 1162 4533 5555
1180 4483 1291 4534 videbat.

279 4565 336 4628 1521
358 4566 488 4616 Cor.10b.
508 4565 680 4617 1128-161,
700 4568 733 4615 oi.
754 4569 873 4628 prooemii
891 4570 969 4618 buius
986 4583 1013 4631 p.
1034 4568 1187 4618 vni-xv.

277 4651 333 4713 153)
356 4651 412 4702 Cor.
433 4651 695 4702 15511341-317.
734 4653 782 4712 Qui
806 4667 894 4703 versus
916 4667 1065 4716 quamquam
1089 4659 1155 4703 certa
1175 4655 1317 4703 coniectura
1335 4655 1438 4702 restitui
1456 4654 1500 4699 rix
1518 4656 1638 4714 possunt,
1666 4651 1819 4698 sententiam

189 4745 273 4788 tumen
292 4739 418 4786 continere
435 4737 555 4786 ridentur
571 4739 753 4800 planissimam.
905 4724 913 4730 “

276 4823 333 4882 lbi)
355 4821 572 4873 0551551111.
596 4821 653 4872 163.
674 4821 734 4871 207.
756 4822 815 4873 tlt.
836 4824 873 4872 Ν
890 4823 948 4873 304.
970 4822 1028 4872 947.

275 4910 332 4971 155)
354 4908 409 4958 (lor.
428 4907 482 4956 155.
502 4908 538 4956 Ν
558 4906 738 4960 rost-105⁷.

277 4994 333 5056 156)
355 4993 485 5047 055155,
506 4993 542 5041 Ν
562 4992 638 5043 1163.

276 5080 332 5140 151)
354 5080 423 5129 Proc.
443 5081 468 5128 b.
489 5078 570 5129 Vend.
589 5078 676 5129 1128.
714 5079 768 5130 Cor.
790 5080 841 5129 lob.
862 5081 900 5129 Ν
921 5077 995 5130 libi.

275 5163 332 5228 158)
354 5165 409 5215 Gor.
429 5165 483 5214 155.
504 5165 541 5214 VI
560 5163 671 5215 38-52.

275 5249 332 5309 1591
353 5247 409 5300 (ior.
428 5250 482 5300 155.
503 5250 539 5298 VI
558 5249 686 5300 58-105,

275 5336 332 5399 160)
353 5337 462 5386 Fournel
482 5337 531 5385 Les
549 5337 655 5386 Barbers
672 5337 684 5384 1
702 5350 731 5398 p,
750 5334 798 5385 102
827 5336 877 5384 ‘Le
901 5336 1001 5397 general
1025 5337 1120 5383 romain
1144 5336 1211 5384 arsit
1234 5337 1248 5382 b
1272 5335 1348 5397 peine
1366 5335 1469 5382 remens
1486 5347 1526 5383 ses
1545 5339 1646 5395 tronpss
1665 5335 1679 5380 l
1697 5332 1817 5393 Carthago

186 5425 246 5485 quii
264 5424 347 5486 apprit
364 5422 475 5471 l’arririe
493 5422 538 5471 des
556 5423 672 5472 terribles
690 5421 802 5470 Lonstab
820 5422 924 5471 densis
942 5418 1092 5482 llyraebne'.

275 5507 333 5572 151)
354 5507 408 5557 (ior.
429 5507 483 5558 155.
504 5508 539 5556 Vl
557 5504 606 5558 tlt
627 5507 724 5557 sterilia
741 5519 800 5554 narn
818 5509 930 5556 cernitur
948 5519 1039 5555 annus.

444 5593 494 5642 vn
511 5593 553 5644 io.
575 5592 604 5641 'ii
780 5595 829 5640 iam
847 5599 948 5656 tempus
966 5597 1082 5656 apertnrn

626 5691 718 5740 aequor
734 5678 819 5727 babet.
