4546 6420
426 391 530 456 XMV
1130 386 1360 444 PROOEMthl.

427 613 487 682 sed
508 635 528 678 a
550 611 681 678 hhrario
704 611 859 696 quodam,
891 611 946 695 qui
973 618 1005 678 et
1027 609 1192 677 Crescouii
1221 611 1365 696 episcopi
1388 611 1536 678 Oenones
1567 617 1600 676 et
1621 611 1786 677 cresconii
1807 618 1922 697 poetae
1944 610 2068 676 Ichan-

428 733 522 800 nidoe
550 732 694 799 codicem
724 730 867 812 viderat,
904 731 1118 797 incertissima
1147 731 1328 797 coniectura
1356 731 1487 797 inventa
1515 751 1589 797 esse
1620 731 1699 797 satis
1728 738 1865 817 apparet
1893 751 1911 798 a
1941 730 2060 814 verbis,

427 854 544 938 quibus
566 849 761 918 Iohannidos
783 851 977 918 mentionem
1006 849 1093 916 iacit.
1141 850 1305 934 Quidquid
1327 871 1345 916 e
1369 850 1480 918 codice
1501 851 1700 917 Iohannidos
1721 851 1824 918 obiter
1844 852 1991 938 inspecto
2013 849 2066 917 fa-

427 973 547 1041 cillime
570 991 763 1056 cognoscere
786 977 926 1056 poterat,
961 970 1113 1036 librorum
1136 991 1321 1052 numerum,
1355 979 1489 1038 metrum
1516 970 1695 1052 heroicum,
1729 971 1858 1037 titulum
1895 970 1944 1052 (de
1965 971 2064 1038 bellis

426 1092 589 1178 libycis),
621 1112 737 1159 nomen
766 1090 906 1156 ductoris
937 1090 1091 1156 celebrati
1120 1091 1203 1158 bene
1233 1091 1330 1156 novit.
1379 1090 1444 1158 Sed
1475 1091 1529 1157 uhi
1559 1091 1654 1176 plura
1683 1089 1725 1156 de
1750 1090 1930 1158 Iohannide
1960 1098 1993 1158 et
2022 1091 2064 1157 de

427 1213 599 1282 Crescouio
612 1213 613 1216 ’
628 1219 724 1296 poeta
754 1210 895 1297 proferre
925 1210 1053 1295 incipit,
1087 1211 1250 1278 ariolator.
1298 1211 1425 1277 Bellum
1454 1211 1540 1277 enim
1563 1211 1789 1277 Saracenicum
1819 1231 1903 1278 auno
1925 1231 1958 1295 p.
1984 1211 2061 1278 Chr.

427 1357 459 1402 n.
485 1337 546 1400 697
570 1334 606 1398 iu
626 1332 736 1398 Africa
759 1353 779 1398 a
801 1331 942 1397 Iohanne
965 1330 1100 1416 patricio
1122 1337 1248 1414 gestum
1271 1330 1450 1397 Iohanuide
1474 1330 1614 1398 describi
1643 1331 1769 1416 opinari
1797 1352 1860 1398 non
1889 1329 2058 1417 potuisset,

432 1455 460 1521 ei
482 1453 560 1520 certi
582 1452 756 1536 quidquam
780 1450 821 1518 de
843 1457 957 1536 poetae
980 1450 1046 1516 vita
1070 1452 1121 1516 vel
1144 1451 1185 1516 de
1207 1459 1352 1534 tempore
1376 1453 1507 1534 saltem,
1534 1471 1597 1534 quo
1618 1451 1760 1546 vixerat,
1786 1457 1982 1536 compertum
2005 1451 2066 1516 ha-

427 1575 561 1640 buisset.
608 1573 715 1652 Quare
737 1571 866 1637 notulae
890 1570 1008 1637 codicis
1032 1571 1255 1652 vallicellani,
1289 1592 1352 1655 qua
1375 1571 1462 1637 idem
1485 1571 1676 1638 Cresconius
1698 1571 1887 1655 episcopus,
1920 1569 1976 1654 qui
1998 1571 2064 1637 Oa-

427 1714 527 1762 noncs
550 1691 733 1776 collegerit,
765 1691 977 1758 Iohannidem
1007 1690 1176 1776 scripsisse
1206 1690 1325 1773 fertur,
1357 1691 1426 1758 iure
1456 1709 1514 1756 suo
1537 1691 1598 1756 viri
1620 1691 1704 1756 docti
1726 1690 1824 1756 fidem
1846 1690 2059 1775 denegarunt,

427 1815 573 1901 quamvis
597 1821 629 1880 et
651 1812 828 1897 Fogginius
849 1811 962 1878 eodem
985 1811 1054 1878 iere
1075 1819 1229 1896 tempore,
1255 1831 1318 1894 quo
1341 1795 1510 1892 Iohannis,
1537 1811 1703 1876 Oanonum
1726 1811 1816 1876 illam
1839 1811 2063 1876 collectionem

427 1936 577 2021 scriptam
608 1953 680 2000 esee
710 1932 793 1998 hone
823 1931 1105 2008 demonstraverit,
1139 1938 1172 1996 et
1193 1931 1462 1997 Mazzucohellius
1492 1932 1594 1997 multa
1624 1931 1658 1996 in
1680 1930 1810 2016 Corippi
1839 1931 1931 1996 libris
1953 1931 2062 1997 inesse

427 2056 553 2136 viderit,
580 2075 664 2138 quae
687 2053 872 2138 episcopum
895 2071 959 2117 nou
981 2050 1205 2134 dedeceantb.

514 2175 597 2240 Aliis
618 2173 717 2258 igitur
738 2172 934 2238 adiumentis
957 2171 1086 2237 omuino
1110 2170 1254 2237 destituti
1276 2171 1337 2236 viri
1361 2171 1447 2236 docti
1470 2171 1599 2257 Oorippi
1622 2189 1674 2238 ras
1696 2170 1892 2254 indagantes
1914 2171 1948 2236 in
1970 2171 2063 2238 libris

427 2296 497 2362 eius
527 2295 606 2361 eolis
636 2293 837 2360 coniecturae
868 2291 972 2376 magis
1002 2291 1145 2357 lubricae
1174 2312 1270 2375 quam
1300 2291 1432 2358 notitiae
1455 2297 1562 2358 certae
1585 2310 1698 2358 ansam
1720 2291 1959 2375 quaesiverunt.
2007 2291 2062 2357 Io-

427 2415 585 2482 hannidos
609 2413 810 2498 praelatione
831 2431 978 2498 proceres
1001 2411 1286 2494 Carthaginienses
1310 2408 1498 2494 allocutus⁰l
1535 2417 1630 2496 polita
1657 2417 1732 2478 tuuc
1762 2411 1900 2496 primum
1927 2431 1962 2478 se
1992 2431 2064 2476 oar-

429 2537 531 2614 mina,
557 2555 640 2619 quae
662 2533 696 2599 iu
718 2533 881 2618 provincia
903 2533 1009 2598 latens
1031 2531 1196 2615 punxerit,
1229 2531 1339 2613 palam
1361 2531 1448 2597 urhis
1471 2531 1598 2597 oivihue
1619 2531 1745 2598 tradere
1768 2531 1978 2616 profiteturll.
2025 2532 2064 2596 In

429 2656 552 2741 patriae
574 2653 672 2738 igitur
693 2651 869 2738 municipio
891 2650 1029 2736 quodam
1053 2657 1127 2716 tunc
1147 2637 1310 2735 ⁸(lorippus
1332 2651 1561 2733 grammaticus
1584 2651 1676 2735 degit
1696 2659 1848 2732 naturae,
1880 2651 2059 2734 regionum,

430 2775 618 2861 populorum
635 2773 764 2850 Africae
780 2772 993 2856 guarissimus
1008 2779 1127 2850 auctor,
1155 2777 1452 2852 rerumgestarum,
1478 2790 1560 2854 quas
1583 2770 1723 2836 carmine
1746 2769 1931 2850 celebravit,
1957 2771 2061 2836 testis.

427 2894 623 2976 Iohanuide,
656 2913 753 2975 quam
775 2891 924 2978 perbrevi
947 2898 1092 2975 tempore
1114 2898 1188 2975 post
1210 2890 1331 2956 bellom
1354 2890 1530 2956 Mauricum
1554 2890 1694 2972 finitum,
1727 2910 1811 2956 auno
1835 2893 1898 2954 549
1921 2890 1975 2956 vel
1997 2893 2062 2955 550

428 3016 556 3101 scripsit
565 3018 610 3098 θ’),
641 3013 728 3080 viros
757 3032 828 3094 eos,
862 3011 918 3096 qui
939 3011 1069 3076 Africae
1098 3019 1173 3076 tuuc
1203 3015 1390 3095 praeerant,
1422 3010 1601 3076 Iohannem
1630 3011 1819 3095 magistrum
1845 3009 1982 3076 militum
2005 3030 2064 3095 per

428 3137 571 3203 Africam
593 3142 626 3201 et
646 3133 861 3200 Athanasium
882 3130 1011 3198 Africae
1033 3129 1192 3215 praetorio
1213 3128 1442 3215 praesentarat)
1470 3131 1606 3216 summis
1626 3130 1777 3196 laudibus
1799 3129 1930 3212 extulit,
1963 3129 2064 3195 Iusti-

426 3258 556 3322 nianum
586 3275 657 3320 raro
686 3251 859 3319 admodum
888 3271 948 3318 nec
977 3251 1077 3316 nimia
1106 3270 1246 3334 unquam
1275 3249 1461 3317 adulatione
1491 3251 1691 3318 memoravit.
1748 3249 1872 3316 Forsan
1899 3249 1960 3316 hoo
1988 3249 2061 3335 ipso

427 3383 574 3463 poemate
596 3375 735 3441 virorum
758 3371 1009 3439 clarissimorum
1031 3370 1174 3436 savorem
1197 3370 1261 3436 sihi
1282 3370 1329 3435 ita
1351 3370 1550 3452 conciliavit,
1583 3378 1620 3437 ut
1646 3390 1756 3436 eorum
1783 3389 1844 3454 ope
1866 3389 1886 3436 e
1908 3370 1977 3436 loco
1999 3369 2063 3435 hu-

429 3497 498 3562 mili
519 3502 553 3562 et
574 3495 709 3561 obscuro
731 3491 869 3557 maiores
891 3489 934 3556 ad
956 3510 1031 3575 spes
1053 3498 1183 3557 evectus
1205 3489 1398 3573 Byzantium
1424 3489 1605 3556 mitteretur
1625 3507 1805 3572 munusque
1827 3488 1862 3555 id
1884 3487 2058 3574 acciperet,

428 3637 490 3702 quo
507 3613 679 3682 Iustiniani
701 3611 903 3697 imperatoris
926 3609 1089 3690 extremis,
1115 3609 1229 3675 Iustini
1251 3609 1363 3694 primis
1378 3609 1574 3695 temporibus
1589 3609 1796 3693 fungebatur.
1836 3609 1945 3674 Altero
1960 3607 2058 3690 enim,

430 3735 516 3821 quod
537 3741 666 3820 tempus
686 3733 771 3814 tulit,
796 3731 830 3796 in
853 3750 960 3814 opere,
987 3729 1182 3814 panegyrico
1205 3729 1238 3794 iu
1260 3727 1390 3794 laudem
1413 3729 1528 3795 luetiui
1550 3730 1682 3795 minoris
1704 3735 1800 3812 poeta
1821 3728 1891 3813 ipse
1915 3747 1950 3795 se
1973 3727 2061 3813 priu-

429 3856 511 3942 cipis
540 3852 680 3920 officium
710 3857 840 3936 gestare
869 3850 1048 3933 fatetur¹¹).
1095 3847 1189 3927 Quod
1218 3847 1356 3913 officium
1388 3849 1483 3932 quale
1513 3846 1610 3915 fuerit
1638 3869 1702 3915 nou
1728 3848 1965 3930 dubitaremus,
1997 3847 2062 3913 nisi

427 3997 501 4044 euru
523 3975 629 4041 locum
656 3971 755 4056 (laud.
780 3970 861 4036 lust.
878 3969 923 4034 IV
943 3972 1135 4050 rot-190),
1162 3989 1224 4052 quo
1246 3975 1361 4054 poetae
1385 3968 1492 4034 verbis
1515 3968 1645 4034 disertis
1667 3969 1912 4050 memorabatur,
1939 3967 2063 4034 librarii

427 4093 637 4181 neglegentia
671 4091 818 4158 mutilum
855 4089 956 4156 codex
988 4089 1187 4155 Matritensis
1222 4088 1400 4155 exhiberet.
1462 4087 1621 4173 Oorippus
1655 4088 1701 4154 ibi
1736 4094 1864 4172 narrat,
1903 4087 2063 4170 quomodo

430 4223 554 4283 ahenas
586 4212 730 4279 lustirms
763 4210 877 4277 consul
910 4208 1157 4293 dispensaverit.
1210 4207 1352 4274 Primum
1385 4215 1551 4274 senatores
1580 4208 1736 4291 citantur,
1777 4215 1849 4293 post
1881 4227 1936 4274 eos
1969 4206 2064 4274 deiu-

430 4355 510 4420 ccps
530 4333 592 4400 viri
614 4331 765 4417 quidam,
797 4330 853 4414 qui
882 4329 1042 4396 senatoria
1071 4328 1230 4412 dignitate
1259 4327 1426 4394 inferiores
1449 4327 1565 4394 iudom
1586 4335 1711 4410 amen,
1742 4327 1860 4411 quihus
1882 4334 2059 4409 renatarea,

516 4613 540 4674 5)
561 4611 697 4672 Foggiaius
720 4611 748 4658 iu
772 4607 889 4656 aditioms
913 4607 1071 4669 praelatione
1094 4621 1119 4667 p.
1140 4605 1190 4654 xm
1211 4607 1246 4668 lp.
1267 4605 1340 4654 ΒΣΗ
1361 4606 1429 4670 apud
1453 4605 1613 4664 um).
1652 4605 1862 4655 ituruccholllur
1886 4607 1914 4655 ln
1938 4605 2062 4654 editionis

430 4699 584 4764 pameneae
601 4711 628 4760 p.
648 4697 687 4746 lX
709 4696 744 4758 (p.
763 4693 812 4742 XV
828 4693 897 4756 apud
915 4693 1076 4748 Bellorum).

516 4800 542 4862 6)
562 4800 614 4848 loh.
633 4800 713 4861 praei.
734 4797 757 4847 1.
779 4795 820 4846 35.

518 4903 541 4966 7)
563 4903 619 4952 Gor.
639 4901 692 4950 loh.
713 4901 791 4964 praei.
812 4897 845 4948 25
863 4893 999 4964 quld[quld
1016 4893 1072 4964 ego]
1090 4899 1193 4957 ignarus
1211 4897 1336 4959 quondam
1353 4910 1397 4959 per
1414 4910 1473 4944 rura
1491 4897 1605 4956 locutus,

862 4984 933 5034 urhis
950 4998 997 5047 per
1012 4984 1118 5046 populos
1136 4983 1246 5032 carmina
1264 4983 1337 5031 mitto
1354 4982 1447 5046 palam.

430 5084 559 5145 Fuerunt,
585 5082 631 5144 qni
648 5094 663 5129 e
681 5093 756 5128 versu
775 5077 808 5129 25
827 5077 963 5140 cortppmu
981 5082 1040 5127 autc
1058 5077 1220 5126 lohannldem
1239 5079 1348 5125 carmina
1364 5077 1476 5126 bucolica
1494 5077 1625 5139 scripsisse
1643 5077 1814 5127 demonstrare
1831 5089 1906 5139 posse
1924 5076 1973 5124 sibl
1991 5076 2065 5125 vidc-

429 5175 527 5219 rentur.
564 5169 597 5218 ci.
618 5164 707 5215 Bachr.
728 5163 819 5213 (iarah
838 5164 963 5214 daurom.
983 5163 1112 5213 Litcratur
1130 5160 1198 5226 1⁴1).
1218 5163 1279 5213 oto.
1317 5163 1367 5212 Sed
1391 5163 1473 5212 verbis
1499 5162 1559 5226 ‘per
1577 5161 1655 5223 rum‘,
1682 5176 1746 5224 quac
1770 5163 1838 5212 urhis
1863 5163 1962 5211 civibus
1986 5175 2065 5225 oppo-

430 5261 535 5316 nuntur,
555 5253 620 5302 nihil
637 5252 771 5301 donamur
788 5250 838 5299 nial
857 5250 936 5312 loeas,
957 5250 1000 5298 ubl
1018 5253 1092 5297 anua
1109 5250 1181 5312 perita
1199 5250 1314 5297 latuerat.

518 5365 543 5428 8)
563 5366 617 5415 Ich.
636 5364 717 5428 praei.
740 5363 763 5412 l.
784 5361 810 5412 2.
832 5362 871 5413 13.
893 5359 935 5411 22.
957 5360 999 5410 33.
1031 5358 1155 5410 19-13.

516 5469 542 5532 a)
562 5470 616 5518 rou.
636 5468 672 5515 1v
690 5464 837 5516 aaa-aso.
861 5466 912 5513 vu
932 5462 1077 5514 roo-roa.

519 5572 559 5636 ro}
579 5572 632 5622 rou.
653 5572 665 5619 1
685 5567 795 5620 rr-na.
815 5561 840 5618 n
858 5567 900 5618 no.
921 5566 957 5616 rv
974 5566 1034 5617 aar.
1055 5566 1105 5615 vu
1124 5567 1182 5616 rra.

520 5676 561 5738 rr)
581 5677 670 5724 unsar.
692 5673 734 5723 rr.
755 5671 797 5723 rc.
1311 5641 1312 5644 ’
